3004 4948
657 245 689 298 11

88 421 284 492 doctissimus
297 421 485 482 Woelfflinus
499 423 536 482 de
548 421 693 482 adiectivo
714 423 881 482 novellus
902 423 1043 486 disseruit
1057 423 1089 482 in
1109 441 1255 482 commen·

86 522 202 580 tatione
212 541 287 598 quae
297 523 479 581 inscribitur:
495 523 545 582 »(11
554 523 700 581 latinitate
707 523 835 581 Africani
841 522 1066 584 Oassiillelicis«
1077 524 1255 598 (Sitzungsb.

87 619 143 678 der
167 620 284 694 Konigl.
310 621 379 678 bair.
401 621 493 678 elad.
519 621 571 679 der
591 621 771 680 Wissensch.
799 621 875 680 1880
900 640 965 697 pag.
995 621 1074 698 408.)
1114 621 1256 680 Novellus

86 718 191 792 hiiuiig
211 719 257 776 bei
273 715 367 778 Varro
387 719 449 776 und
470 719 651 778 namentlich
671 719 724 776 der
737 719 977 796 Bauernsprache
991 721 1159 796 angehdrig,
1180 721 1256 778 wird

85 816 137 874 bei
153 815 273 874 Cassius
286 817 370 875 Felix
392 817 474 892 (169.
490 818 535 875 15.
557 817 690 876 novellae
710 817 815 878 aetatis
836 819 947 894 pueris)
970 837 1028 878 von
1049 820 1116 878 dem
1129 821 1255 895 jugend-

85 914 188 972 lichen
208 915 292 974 Alter
312 916 478 990 gebraucht,
500 916 556 974 wie
577 915 623 974 bei
644 915 714 974 Min.
736 915 793 974 111.
817 915 878 975 Oct.
901 918 947 977 30.
971 919 996 976 1.

170 1050 214 1108 Ae
243 1052 399 1127 praecipue
423 1051 566 1110 adiectiva
590 1051 622 1108 in
647 1051 732 1110 bilis
756 1051 891 1110 cadentia
914 1071 932 1110 a
956 1053 1086 1111 Minucio
1112 1059 1255 1112 amantur.

88 1145 155 1220 Qua
176 1148 214 1206 de
239 1167 271 1207 re
292 1149 454 1224 disputavit
479 1149 618 1206 Aliredus
638 1148 846 1209 Weinholdus:
868 1150 917 1208 »Id
937 1151 1002 1208 dico
1023 1151 1256 1211 animadverten-

87 1245 162 1304 dum
186 1264 252 1306 1111
276 1265 365 1305 usum
388 1247 508 1305 illorum
534 1247 744 1304 adiectivorum
769 1247 812 1321 (in
837 1247 907 1306 bilis
932 1248 1109 1325 cadentium)
1134 1251 1167 1308 in
1193 1251 1256 1310 dies

86 1345 319 1420 frequentiorem
344 1347 467 1419 factum,
499 1345 706 1421 imprimisque
732 1346 891 1422 scriptores
922 1346 1137 1407 ecclesiasticos
1162 1349 1256 1408 incre-

87 1444 175 1502 dibili
200 1447 326 1521 quodam
350 1464 450 1504 eorum
475 1445 683 1504 vocabulorum
707 1463 805 1504 amore
830 1448 949 1507 teneri«
991 1447 1042 1523 (cf.
1069 1447 1256 1524 quaestiones

87 1542 265 1602 Horatianos
291 1563 364 1620 quas
391 1545 509 1621 scripsit
529 1545 601 1602 Alfr.
626 1542 837 1619 Weinholdus,
863 1547 1141 1604 commentationem
1166 1565 1256 1606 anna-

87 1639 169 1698 libus
184 1641 301 1700 scholae
314 1643 412 1717 regiae
427 1641 591 1702 Grimensis
605 1643 731 1700 additam
749 1643 837 1718 1882)
858 1643 1002 1720 Exempla
1016 1646 1152 1719 congessi
1170 1646 1254 1705 haec:

89 1739 273 1813 favorabilis,
298 1740 418 1812 habilis,
444 1741 682 1813 inaestimabilis,
707 1741 913 1816 impossibilis.
940 1741 1255 1818 incomprehensibilis,

89 1837 280 1912 incredibilis,
302 1839 479 1912 insolubilis,
502 1840 688 1911 inviolabilis,
710 1840 878 1914 invisibilis,
899 1841 1031 1914 litabilis,
1054 1839 1175 1900 stabilis.

171 1972 235 2034 Nec
248 1993 332 2034 rarus
347 1981 393 2035 est
413 1995 487 2035 usus
508 1977 719 2036 adiectivorum
740 1977 771 2034 in
792 1995 876 2036 osus
897 1977 1078 2036 exeuntium.
1100 1975 1257 2052 (1101111.

89 2072 170 2133 81111.
195 2074 216 2132 1.
242 2092 265 2132 o.
291 2093 356 2150 pag.
387 2075 445 2132 140
466 2092 509 2150 sq.
535 2075 601 2132 »Bei
622 2075 679 2133 den
700 2075 872 2150 Adjcctiven
893 2077 988 2133 haben
1008 2075 1190 2134 namentlich
1210 2076 1258 2134 die

89 2173 290 2248 Ableitungen
314 2173 369 2230 mit
394 2173 451 2231 den
477 2173 611 2232 Suffixen
636 2192 706 2232 osus
732 2174 792 2231 und
817 2174 885 2232 bilis
911 2175 969 2232 den
995 2175 1173 2233 Afrikanem
1198 2175 1258 2233 viel

90 2289 128 2328 zu
148 2272 298 2346 dantem«)

172 2387 375 2461 Calamitosus,
397 2388 539 2460 curiosus,
561 2389 719 2462 fabulosus,
741 2390 930 2463 facinerosos
951 2390 1090 2463 furiosus,
1116 2391 1257 2448 formidu-

90 2486 186 2559 losus,
211 2485 373 2561 gloriosus,
395 2477 597 2562 inreligiosus,
622 2487 800 2561 latebrosus,
825 2488 1016 2562 libidinosus,
1041 2493 1256 2562 monstruosae,

91 2583 296 2660 propudiosos,
319 2583 518 2660 scrupulosus
541 2585 774 2660 superstitiosus,
795 2590 955 2644 tortuosus.

183 2723 228 2785 De
255 2721 506 2803 pronominibus.
553 2728 640 2784 Amat
654 2726 802 2784 Minucius
816 2723 902 2786 Felix
916 2726 1100 2785 abundanter
1113 2727 1170 2785 duo
1191 2745 1257 2803 pro-

90 2827 211 2884 nomina
235 2827 312 2883 inter
335 2843 367 2883 so
392 2825 577 2899 coniungere.
604 2826 651 2898 (of.
678 2825 781 2899 Draeg.
809 2844 830 2884 s.
860 2825 892 2882 T.
915 2829 940 2897 ξ.
964 2827 1012 2898 17)
1037 2824 1182 2902 Exempla
1207 2846 1258 2886 ex-

92 2924 200 3004 scripsi
214 2925 298 2982 haec:
325 2923 357 2979 in
371 2922 423 2980 illo
438 2923 594 2998 praecipue
609 2940 742 2980 sermone
756 2922 819 2980 eius
837 2925 863 2981 1.
878 2921 904 2979 5.
921 2941 978 2998 quo
993 2921 1025 2980 11
1045 2924 1172 2982 adventu
1194 2926 1257 2983 eius

92 3026 117 3081 2.
134 3025 245 3082 21111
265 3023 321 3080 hoc
342 3039 476 3080 sannone
496 3022 560 3080 1111
583 3023 608 3079 3.
625 3024 651 3080 2.
673 3022 853 3080 alacritatem
873 3025 955 3080 tuam
975 3022 1057 3080 illam
1079 3022 1105 3078 4.
1122 3023 1148 3078 2.
1170 3022 1257 3080 deum

91 3123 179 3180 illum
209 3137 296 3178 suum
322 3120 366 3178 10.
393 3119 421 3179 5.
447 3120 504 3178 ista
529 3121 594 3196 ipsa
620 3121 790 3196 superstitio
817 3122 862 3180 25.
893 3124 916 3180 l.
943 3120 1038 3179 isdem
1062 3120 1124 3181 11111
1151 3121 1257 3196 quibus

91 3226 270 3279 armantur.
293 3263 299 3275 .
321 3263 328 3278 .
349 3217 418 3276 telis
444 3220 491 3277 89.
514 3219 539 3276 1.
565 3219 644 3276 idem
664 3219 730 3294 ipse
750 3219 899 3295 persensit
924 3221 966 3279 13.
989 3221 1017 3279 2.
1038 3237 1105 3277 cum
1127 3237 1180 3276 sua
1202 3218 1258 3276 sibi

91 3321 213 3379 natione
237 3321 280 3382 10.
294 3319 322 3376 4.
345 3318 489 3394 quidquid
509 3318 584 3376 illud
604 3319 706 3378 colunt
731 3321 773 3378 10.
797 3321 823 3376 2.
865 3319 909 3377 De
929 3320 984 3376 hac
1004 3317 1188 3394 pronominis
1209 3318 1257 3376 ab·

91 3417 235 3477 undantia
255 3416 395 3474 1111111111
415 3415 590 3492 Madun'gius
611 3417 647 3476 ad
667 3418 716 3476 lib.
739 3418 776 3478 V.
798 3420 824 3477 8.
845 3418 882 3476 de
902 3417 1010 3474 finibus
1031 3435 1097 3492 pag.
1119 3418 1187 3476 652.

172 3535 235 3594 Nec
252 3534 311 3592 rari
337 3539 407 3592 sunt
431 3534 489 3593 loci
514 3535 621 3611 quibus
642 3554 805 3612 pronomen
830 3534 908 3611 quod
933 3538 1088 3610 exspectes
1114 3533 1258 3591 omissum

93 3642 151 3708 est,
181 3632 329 3709 imprimis
357 3632 389 3689 in
418 3633 577 3691 accusativi
602 3651 671 3692 cum
696 3634 747 3691 inf.
773 3634 867 3691 forma
892 3637 921 3696 et
945 3633 977 3689 in
1002 3631 1257 3706 contrapositione.

93 3734 186 3794 01111
215 3748 287 3789 1111
312 3748 380 3787 cum
405 3729 529 3806 longum
555 3731 594 3790 sit
620 3733 718 3790 omnia
743 3731 878 3807 exempla
905 3748 1087 3802 enumerare,
1113 3747 1259 3812 perpauca

93 3833 239 3892 delibasse
260 3827 399 3887 sufficiat:
420 3831 447 3886 4.
473 3831 497 3887 1.
521 3830 572 3887 sed
594 3873 600 3886 .
622 3875 628 3887 .
651 3875 657 3887 .
680 3875 686 3888 .
708 3829 808 3888 dolere
832 3828 932 3886 nescio
954 3826 1026 3903 quid
1045 3826 1130 3884 vultu
1150 3825 1257 3884 fateba-

92 3933 314 3992 1111111121.
332 3928 358 3985 2.
373 3929 514 3988 Prodicus
529 3929 703 4004 adsumptos
720 3927 752 3985 in
771 3927 841 3988 deos
861 3925 994 4002 loquitur
1015 3943 1054 3983 sc.
1076 3942 1126 3982 eos
1148 3924 1194 3981 26.
1213 3924 1256 3984 ll.

94 4031 158 4089 eius
179 4031 360 4090 venerationi
381 4028 464 4088 novit
484 4027 627 4086 adsistere
653 4028 700 4092 26.
725 4029 769 4087 12.
796 4031 825 4084 11
846 4024 918 4082 (11111
942 4022 1095 4082 informari
1119 4026 1149 4081 et
1166 4022 1258 4081 inlabi

94 4129 260 4206 pectoribus
281 4129 419 4188 humarus
441 4127 487 4188 31.
509 4131 538 4188 4.
558 4143 680 4186 necesse
701 4125 799 4184 11111
820 4127 934 4182 vestros
954 4139 1110 4194 recurrere,
1131 4119 1164 4177 in
1178 4120 1257 4182 filios

94 4229 220 4292 inerrare
246 4246 285 4290 sc.
306 4245 369 4292 vos.
391 4227 437 4286 34.
457 4227 500 4289 10.
520 4225 597 4285 nihil
617 4242 683 4284 esse
703 4228 771 4305 post
792 4222 905 4283 obitum
924 4225 954 4281 et
974 4225 1042 4286 ante
1063 4223 1161 4286 ortum
1181 4218 1258 4286 nibil
