3004 4948
799 243 834 305 20

233 427 365 508 deipsis
385 428 474 492 etiam
487 429 546 504 ille,
567 447 642 506 quae
661 429 751 506 paulo
771 433 839 490 ante
859 432 913 492 tibi
927 432 1005 492 dicte
1020 436 1090 492 sunt
1112 433 1165 506 (sc.
1180 427 1305 509 dicenda
1318 425 1405 502 111111)

235 530 282 592 14.
309 529 325 586 1
351 529 466 607 Ecquid
493 528 530 588 ad
555 529 640 603 baec,
665 529 720 603 ait,
745 530 834 588 audet
859 529 998 590 Octavius
1024 533 1075 607 (sc.
1101 530 1289 608 respondere)
1312 528 1362 588 20.
1387 527 1407 582 4

234 627 306 704 quid
330 627 396 686 illas
421 627 515 686 aniles
540 628 672 688 fabulas?
699 628 752 706 (so.
778 629 940 706 nominem)
966 631 1014 692 20.
1035 631 1056 689 4
1081 630 1118 690 de
1138 629 1307 688 hominibus
1329 642 1406 688 aves

233 727 353 786 etseras
366 730 397 786 et
416 726 454 786 do
472 727 642 787 hominibus
662 729 780 788 arbores
800 732 889 806 atque
909 730 996 788 flores
1017 730 1177 805 (senesci)
1198 729 1246 788 21.
1262 727 1308 786 10.
1330 743 1407 800 ergo

232 844 289 886 neo
308 825 345 884 de
364 825 490 886 mortuis
510 826 561 900 dii,
582 844 638 886 neo
657 827 694 886 de
714 827 792 886 natis
814 830 866 906 (sc.
888 828 1032 903 oriuntur)
1055 830 1101 889 25.
1122 827 1148 885 5.
1170 825 1282 903 templa
1302 822 1408 883 omnia

234 924 270 984 de
289 923 445 998 manubiis,
465 923 498 982 id
517 927 563 983 est
583 924 620 983 de
639 924 735 984 ruinis
756 926 874 984 urbium
899 928 950 1000 (sc.
971 930 1035 987 orta
1056 928 1136 1000 sunt)
1158 925 1204 984 24.
1227 923 1253 982 3.
1275 926 1321 982 est
1342 939 1407 999 quo

232 1021 296 1081 viro
313 1040 375 1080 non
392 1022 463 1081 licet
483 1025 535 1102 (sc.
554 1023 607 1098 ire,
629 1023 706 1101 quod
728 1025 962 1084 subaudiendum
981 1029 1028 1084 est
1048 1043 1086 1084 ex
1106 1023 1292 1101 praecedenti
1312 1021 1406 1080 verbo

234 1120 359 1180 visere.
402 1117 599 1197 Coniungitur
624 1122 704 1180 enim
729 1123 852 1182 verbum
877 1123 993 1182 visendi
1013 1127 1043 1182 et
1063 1140 1131 1182 oum
1151 1122 1214 1181 solo
1234 1119 1406 1180 accusativo

234 1223 351 1278 etcum
371 1219 589 1295 praepositione
609 1219 658 1279 ed.
680 1221 717 1278 ct.
737 1221 833 1279 Pleut.
855 1221 921 1283 Cas.
943 1221 970 1279 3.
992 1225 1019 1282 4.
1041 1221 1105 1280 viso
1126 1221 1185 1278 huc
1205 1219 1300 1278 Plaut.
1322 1217 1405 1278 Rud.

234 1317 261 1376 5.
284 1318 309 1376 1.
334 1317 418 1376 1111111
442 1317 537 1376 visam
556 1317 625 1392 huc)
653 1317 699 1377 10.
721 1319 739 1378 2
761 1337 815 1378 our
837 1319 937 1378 nullas
957 1337 1022 1378 ares
1043 1319 1159 1392 habent,
1180 1317 1292 1395 templa
1310 1316 1404 1390 nulla,

232 1416 316 1475 nulla
340 1419 410 1475 nota
435 1415 599 1490 simulacra,
625 1434 788 1494 numquam
812 1417 909 1494 palam
932 1418 1023 1496 loqui,
1048 1435 1201 1493 nunquam
1221 1417 1311 1474 libere
1332 1433 1404 1474 con-

233 1516 348 1592 gregari
374 1519 424 1591 (so
451 1516 608 1576 sustinent.
633 1517 690 1576 hoo
713 1518 843 1592 verbum,
865 1517 944 1594 quod
968 1517 1001 1575 in
1026 1516 1236 1594 manuscriptis
1261 1517 1404 1586 nonest,

233 1613 359 1674 inseruit
380 1613 524 1673 Oellarius
544 1619 575 1674 et
594 1615 680 1674 uncis
700 1615 844 1690 inclusit.)
1269 1613 1271 1617 ’

314 1729 495 1790 adverbium
524 1729 684 1806 praedicati
713 1729 778 1789 vice
808 1731 956 1807 fungitur:
984 1732 1030 1790 16.
1056 1732 1073 1791 2
1101 1730 1275 1807 proculcet
1302 1731 1346 1790 17.
1373 1729 1403 1787 4.

235 1845 310 1906 quae
329 1827 555 1904 intracircaque
576 1833 646 1887 sunt
667 1829 713 1887 18.
736 1828 762 1887 7.
789 1847 857 1889 cum
880 1831 978 1907 palam
1004 1830 1044 1890 sit
1069 1829 1117 1891 20.
1139 1829 1167 1892 3.
1194 1833 1256 1887 orat
1276 1827 1405 1887 libenter

234 1925 335 1986 audire
356 1925 436 1985 327
457 1925 547 2002 longe
567 1930 622 1988 est.
663 1925 726 2000 Qua
747 1929 783 1988 de
803 1946 835 1988 re
856 1927 889 1990 Ο.
910 1929 1086 2004 Reblingius
1106 1927 1128 1990 1.
1141 1946 1166 1990 1.
1188 1945 1253 2003 pag.
1277 1929 1293 1986 7
1315 1926 1402 1984 dicit:

233 2025 335 2084 »Viele
358 2024 526 2083 Adverbien
549 2043 650 2084 waren
673 2027 750 2086 auch
774 2027 807 2086 in
832 2027 884 2086 der
908 2027 1094 2086 klassischen
1114 2026 1242 2103 Sprache
1267 2024 1314 2083 bei
1334 2041 1403 2084 esse

234 2123 442 2200 gebrtuchlich
468 2123 549 2198 satis,
574 2124 697 2198 abunde,
726 2143 868 2200 necesse,⁴
886 2125 1004 2199 frustm,
1029 2130 1156 2202 praesto.
1202 2124 1241 2184 So
1266 2123 1307 2182 111
1326 2123 1404 2181 auch

234 2223 332 2302 palam
356 2227 403 2281 est
426 2240 486 2280 von
512 2222 580 2296 Cic,
605 2222 668 2281 Liv.
695 2224 779 2283 nicht
803 2242 877 2300 ganz
902 2224 1080 2298 vermieden,
1106 2224 1147 2282 ist
1171 2223 1241 2282 aber
1261 2222 1344 2281 mehr
1365 2239 1404 2278 zu

233 2321 292 2380 den
316 2320 513 2380 Ausdri'rolren
542 2321 595 2380 des
628 2321 778 2398 t‘aglichen
801 2322 917 2381 Lebens
943 2340 980 2380 zu
1004 2321 1118 2382 ztihlen.
1163 2320 1314 2380 thrrend
1339 2320 1405 2378 sich

159 2462 162 2475 .
234 2419 303 2478 aber
332 2405 364 2476 in
394 2418 446 2478 der
475 2423 615 2494 strengen
639 2419 731 2479 Prosa
760 2438 817 2478 nur
846 2419 1022 2479 vercinzeltc
1047 2419 1194 2496 Beiepiele
1224 2419 1273 2478 fiir
1302 2418 1405 2477 diesen

234 2516 389 2577 Gebreuch
401 2516 511 2591 finden,
534 2535 567 2576 11
588 2519 737 2578 erecheint
757 2518 890 2578 derselbe
910 2519 1125 2578 massenhafter
1137 2517 1170 2575 in
1183 2515 1404 2578 1011811111-

236 2615 371 2691 stellcrn,
398 2615 446 2674 die
476 2615 535 2674 den
555 2615 760 2693 Umgangston
784 2620 892 2690 11111111,
919 2635 942 2674 z.
964 2616 997 2674 B.
1023 2613 1098 2676 auch
1118 2616 1150 2674 in
1177 2615 1235 2674 Cic.
1262 2613 1405 2673 Briefen.‹

235 2713 282 2797 (cf.
304 2716 394 2776 etiam
413 2715 519 2790 Draag.
540 2715 610 2774 hist.
631 2733 752 2792 gramm.
773 2717 790 2775 I
809 2733 875 2792 pag.
898 2716 956 2777 192
978 2715 1033 2792 sq.)

326 2847 373 2910 De
397 2845 536 2909 casibus.
584 2849 612 2926 1)
638 2848 686 2906 De
714 2846 931 2906 accusativo.
976 2843 1146 2905 Accusativi
1170 2841 1268 2902 verbis
1293 2841 1404 2900 intran-

236 2952 333 3024 sitivis
347 2949 479 3010 adiuncti
492 2950 565 3008 haec
578 2946 714 3024 exempla
733 2964 771 3005 ex
785 2945 908 3004 Minucii
921 2944 1023 3003 libello
1043 2942 1178 3018 excerpsi
1199 2941 1226 3017 1)
1240 2940 1404 3011 verborum,
1494 2941 1496 2972 ¹

236 3053 343 3129 quibus
368 3049 460 3108 enimi
483 3048 606 3106 affectus
630 3045 821 3122 exprimitur:
847 3043 1101 3102 »contremiscere«
1122 3043 1169 3101 28.
1192 3040 1218 3097 9.
1247 3056 1303 3097 nec
1324 3038 1405 3098 Sera-
1495 3039 1496 3090 l

186 3217 188 3222 ,
235 3152 335 3229 pidem
360 3148 455 3224 magis
481 3165 569 3224 quem
595 3146 737 3221 strepitus
762 3161 815 3220 per
839 3143 978 3219 pudenda
1002 3141 1134 3217 corporis
1160 3155 1317 3214 expressos
1338 3155 1405 3196 con·

234 3249 410 3309 tremiscunt
430 3246 527 3304 olere«
548 3244 594 3304 23.
615 3245 643 3303 4.
664 3244 767 3304 lovem
787 3246 889 3301 narrat
908 3241 1027 3300 Briareo
1047 3239 1203 3298 liberatum
1224 3282 1230 3295 .
1253 3282 1260 3295 .
1281 3281 1289 3298 .
1312 3281 1318 3294 .
1341 3236 1405 3296 Sar-
1494 3303 1496 3322 .

236 3347 381 3425 pedonem
400 3343 505 3418 filium,
527 3342 668 3420 quoniam
687 3341 776 3400 morti
797 3358 858 3398 non
879 3343 993 3416 poterat
1013 3339 1134 3416 eripere,
1155 3337 1286 3396 cruentis
1306 3335 1406 3394 imbri·
1495 3389 1496 3400 ,

235 3447 292 3506 bue
311 3444 437 3504 flevisse.
464 3439 629 3514 »taedescit
654 3440 805 3517 pudescit«
826 3438 874 3498 28.
897 3437 933 3495 11
957 3438 1008 3502 tir.
1035 3435 1087 3520 εἷρ.
1102 3437 1152 3510 (ex
1172 3435 1312 3510 analogia
1327 3434 1403 3492 verb.

235 3543 342 3617 taedet,
362 3539 464 3618 pudet)
485 3556 559 3616 quos
580 3538 663 3614 prius
683 3537 824 3598 taedescit
844 3534 1045 3610 impudicitiae
1066 3551 1136 3593 suae
1159 3551 1249 3609 quam
1262 3531 1405 3609 pudescit.

237 3641 285 3717 (cf.
299 3639 454 3714 19111111.
468 3636 615 3696 Formenl.
635 3637 667 3694 11
682 3637 751 3710 020)
772 3637 802 3710 b)
817 3634 975 3694 verborum
988 3633 1226 3708 compositorum,
1246 3631 1279 3690 in
1300 3631 1406 3707 quibus

237 3737 369 3798 dativum
382 3736 430 3795 vel
443 3737 695 3814 praepositionem
715 3738 884 3811 exspectes:
905 3735 1023 3792 inruere
1044 3735 1072 3792 5.
1095 3733 1122 3792 9.
1144 3729 1271 3788 fulmine
1291 3734 1406 3788 montes

237 3837 360 3895 inruunt
380 3836 442 3910 (sed
463 3836 615 3895 montibus
635 3835 793 3892 incurrunt
814 3831 840 3890 5.
863 3834 893 3905 9)
914 3830 1052 3890 accedere
1073 3830 1119 3888 21.
1140 3832 1168 3890 5.
1189 3829 1216 3887 11
1236 3828 1337 3904 itaque
1357 3826 1407 3886 Se·

237 3937 343 3992 turnus
369 3933 455 3993 Creta
480 3935 624 4010 profugus
645 3931 763 3992 Italiam
788 3934 870 3988 metu
894 3929 949 3986 filii
970 3928 1127 3988 saevientis
1147 3930 1317 3986 accesserat.
1358 3925 1407 3982 In-

239 4032 369 4092 solenter
392 4032 500 4092 deinde
525 4031 711 4092 accusativus
736 4029 785 4088 his
810 4027 908 4088 verbis
933 4027 1090 4086 adiunctus
1116 4025 1238 4101 legitur:
1267 4027 1295 4083 7.
1320 4023 1349 4084 4.
1374 4027 1408 4080 ut

238 4129 362 4190 Parthos
376 4130 461 4206 signa
474 4135 674 4208 repeteremus
695 4131 724 4192 8.
744 4130 771 4188 5.
796 4126 839 4186 ita
861 4125 924 4186 illis
937 4143 1077 4201 pavorem
1098 4123 1190 4181 fallax
1211 4140 1279 4198 spes
1301 4121 1407 4180 solacio

238 4229 369 4290 redivivo
382 4229 532 4290 blanditur
553 4229 601 4290 12.
623 4231 649 4288 7.
671 4227 818 4288 disserere
838 4223 938 4285 divina
960 4225 1006 4283 13.
1028 4225 1055 4282 4.
1078 4223 1130 4302 qui
1144 4221 1320 4296 Simonides,
1341 4237 1407 4279 cum
