3004 4948
818 252 850 324 is

247 468 312 509 rare
326 453 374 510 23.
390 451 416 509 9.
437 467 540 525 rapere
562 449 580 508 1.
596 469 626 526 q.
647 450 795 526 corripere
815 450 861 508 25.
878 451 905 508 7.
928 466 1041 507 servare
1062 450 1080 506 i.
1102 467 1129 525 q.
1152 451 1306 508 observare
1327 450 1377 510 26.
1394 453 1422 509 3.

249 550 361 608 solvere
386 549 404 606 1.
432 567 459 624 q.
481 547 642 606 dissolvere
663 551 691 608 5.
713 551 740 610 8.
766 548 886 606 tendere
907 547 925 604 i.
948 567 976 623 q.
997 547 1155 606 extendere
1176 548 1202 604 3.
1225 551 1251 607 3.
1273 566 1380 606 vocare
1403 549 1422 605 i.

248 667 275 724 q.
306 648 442 705 invocare
472 647 518 705 29.
545 648 572 705 5.
604 663 705 705 vorare
733 648 752 704 1.
780 666 808 722 q.
838 646 976 704 devorare
1006 647 1053 711 28.
1083 647 1110 706 2.
1142 646 1226 721 quasi
1257 645 1423 704 Christiani

248 749 380 804 monstra
400 745 539 818 colerent,
561 745 690 804 infantes
711 749 855 804 vorarent.
898 745 995 819 (1101.
1018 745 1065 804 39.
1089 747 1117 803 6.
1139 744 1215 802 10110
1236 743 1402 818 devorant.)

328 860 439 923 Contra
463 861 529 920 aliis
554 861 628 920 locis
653 863 776 920 verbum
801 861 998 937 compositum
1022 861 1139 936 legitur,
1164 861 1215 919 ubi
1235 861 1267 918 in
1290 861 1424 937 simplici

248 979 308 1019 non
318 960 551 1018 offendissemus.
573 959 733 1017 »adiurare«
753 959 772 1015 1.
787 978 816 1035 q.
837 959 933 1016 iurare
953 960 1001 1019 27.
1017 958 1044 1019 7.
1065 958 1314 1033 »adstrangulare«
1328 958 1374 1015 30.
1394 959 1422 1015 2.

248 1059 442 1134 »confingere«
468 1059 514 1118 10.
537 1061 563 1115 5.
591 1058 636 1116 26.
660 1061 688 1117 6.
709 1061 891 1132 »contegere«
913 1059 939 1116 9.
962 1056 988 1114 5.
1012 1059 1057 1115 11.
1080 1058 1107 1114 4.
1129 1075 1317 1132 »coaequare«
1340 1059 1367 1117 7.
1392 1059 1422 1116 3.

248 1171 460 1214 »concremare«
486 1155 573 1212 227
598 1155 755 1214 »delibare«
782 1157 828 1213 12.
856 1155 884 1214 5.
910 1157 955 1228 (ut
974 1155 1053 1230 apud
1073 1155 1191 1212 Livium
1217 1155 1263 1213 39.
1286 1159 1333 1217 43.
1360 1155 1423 1212 diis

249 1255 339 1330 dapes
359 1253 458 1324 libare,
480 1253 512 1309 in
534 1251 617 1313 Orid.
638 1253 707 1312 Met.
729 1255 755 1312 8.
779 1251 837 1310 274
858 1253 944 1310 thura
965 1252 1022 1310 diis
1042 1252 1141 1325 1111110,
1162 1253 1256 1328 Epist.
1280 1271 1318 1312 ex
1331 1253 1422 1311 Pont.

249 1353 280 1409 in
294 1351 403 1426 Vergil
423 1351 495 1408 Aen.
510 1351 595 1408 Pont.
616 1351 643 1409 4.
666 1350 733 1410 839.
757 1351 872 1425 frugem
894 1349 991 1408 Cereri
1012 1351 1111 1424 1111110,
1131 1352 1210 1427 apud
1231 1352 1423 1428 Propertium

249 1454 276 1509 4.
299 1454 326 1511 9.
348 1453 374 1509 8.
402 1449 531 1510 0111111110
555 1449 614 1506 1110
639 1448 743 1522 bbere,
768 1449 800 1506 in
821 1447 933 1522 Vergil.
957 1449 1029 1508 Aen.
1057 1454 1082 1511 b.
1106 1449 1151 1507 77.
1177 1450 1234 1507 duo
1259 1450 1316 1508 rite
1336 1468 1421 1508 mero

249 1549 345 1607 libans
370 1548 518 1606 0110110011
542 1547 677 1621 Bacche.)
699 1547 882 1604 »diffindere«
909 1547 954 1607 16.
977 1551 1003 1609 3.
1031 1547 1086 1619 (Ob
1107 1547 1207 1605 oculos
1227 1548 1318 1606 Felici
1338 1548 1420 1605 haud

250 1648 337 1706 dubie
350 1647 407 1703 fuit
421 1646 494 1703 illud
511 1645 633 1719 Vergilii
647 1646 720 1702 Aen.
736 1645 763 1702 5.
777 1645 836 1706 540
850 1649 950 1721 partes
963 1646 1013 1703 ubi
1033 1663 1065 1704 se
1078 1645 1125 1702 via
1145 1645 1231 1703 findit
1251 1646 1283 1702 in
1304 1647 1419 1719 ambas)

249 1745 425 1820 »inquirere«
439 1744 457 1801 i.
473 1763 499 1819 q.
515 1760 654 1820 quaerere
675 1743 721 1800 22.
739 1744 765 1804 1.
780 1743 838 1801 Isis
852 1743 999 1818 perditum
1013 1743 1108 1800 filium
1123 1743 1254 1820 inquirit.
1276 1744 1418 1819 »praemi-

250 1861 328 1902 care«
343 1846 369 1901 5.
381 1844 408 1901 9.
423 1859 606 1916 »prorogare«
624 1842 668 1899 13.
684 1841 710 1898 4.
726 1841 868 1916 postridie
881 1841 1003 1900 biduum
1016 1841 1184 1918 prorogavit
1197 1860 1245 1899 arn
1258 1841 1419 1916 folgenden

251 1941 329 2016 Tage
342 1944 391 2001 bat
405 1962 436 2001 er
449 1943 638 2019 (Simonides)
653 1961 704 2000 um
719 1943 792 2001 zwei
807 1942 891 2017 Tage.
906 1943 1097 2018 »persentire«
1112 1945 1157 2001 13.
1169 1943 1196 2003 2.
1209 1975 1245 1985 -
1256 1942 1419 2018 Praecipue

251 2040 325 2098 solet
350 2041 498 2100 Minucius
528 2041 691 2118 composita
720 2059 788 2098 cum
818 2041 929 2115 syllaba
954 2059 990 2099 re
1016 2041 1196 2116 simplicium
1221 2041 1341 2099 notione
1367 2041 1418 2097 ad-

250 2138 350 2196 bibere
370 2157 547 2198 »reservare«
574 2158 628 2216 pro
653 2158 769 2198 servare
795 2140 840 2202 34.
868 2140 914 2200 10.
940 2141 1142 2216 repromittere
1166 2158 1220 2215 pro
1245 2139 1417 2215 promittere

255 2241 299 2298 ll.
314 2240 342 2296 3.
369 2255 604 2312 »recognoscere«
628 2255 681 2313 pro
708 2256 882 2313 cognoscere
907 2239 954 2298 21.
978 2240 1004 2297 1.
1026 2237 1073 2294 31.
1095 2239 1123 2298 8.
1144 2241 1341 2314 »retorquere«
1363 2255 1417 2312 pro

251 2341 392 2412 torquere
413 2337 459 2394 34.
483 2339 509 2395 7.
531 2336 579 2411 (01.
601 2336 708 2411 Draeg.
729 2337 757 2393 11.
780 2354 803 2396 s.
825 2335 840 2393 Ι
860 2354 925 2412 pag.
949 2337 1025 2409 139.)

332 2454 432 2514 Genus
462 2454 549 2511 verbi.
593 2453 688 2512 Verba
721 2452 896 2528 deponentia
929 2454 1047 2528 passive
1076 2457 1217 2528 usurpata
1247 2458 1317 2511 sunt
1341 2453 1415 2512 locis

251 2554 311 2612 his:
338 2553 473 2611 meditari
498 2551 546 2614 25.
570 2553 617 2612 11.
643 2551 777 2608 fabricari
799 2550 846 2610 23.
869 2551 915 2612 13.
939 2551 985 2612 34.
1007 2551 1043 2624 4.‚
1065 2551 1116 2608 sed
1136 2552 1230 2609 active
1252 2551 1297 2612 23.
1322 2552 1347 2609 6.
1370 2570 1414 2609 re

251 2651 398 2709 munerari
425 2653 450 2709 7.
472 2652 498 2708 2.
545 2649 703 2725 Ρ1111011111
727 2649 880 2707 verbonun
905 2649 1116 2724 deponentium
1143 2651 1260 2724 passive
1284 2649 1415 2707 adhibita

250 2753 385 2807 exstant:
406 2749 559 2806 consessus
583 2748 628 2806 13.
650 2748 681 2823 23
705 2750 749 2808 14.
773 2750 804 2823 73
827 2746 873 2804 17.
894 2747 921 2804 4.
942 2747 1100 2804 fabricatus
1121 2746 1167 2804 32.
1191 2749 1215 2804 1.

330 2863 414 2937 Quod
442 2864 550 2925 attinet
574 2864 611 2921 ad
636 2867 802 2938 temporum
827 2880 926 2936 usum,
953 2862 983 2919 id
1007 2863 1256 2938 praemonendum
1282 2869 1328 2921 est
1353 2865 1413 2922 fere

250 2969 418 3021 constanter
442 2963 520 3039 apud
540 2962 701 3020 Minucium
724 2960 851 3022 Felicem
875 2961 963 3018 verba
983 2960 1115 3026 contrabi
1135 2960 1167 3016 in
1188 2961 1412 3036 plusquamper-

250 3065 320 3122 fecti
348 3064 549 3136 coniunctivo,
577 3063 610 3120 in
639 3062 785 3119 infinitivo
815 3060 951 3135 perfecti,
977 3060 1071 3117 rarius
1091 3059 1123 3116 in
1143 3060 1266 3136 perfecti
1287 3064 1317 3118 et
1336 3060 1411 3117 indi-

250 3163 344 3221 cativo
365 3168 395 3221 ot
415 3163 611 3221 coniunctivo.
630 3161 666 3219 01.
687 3161 859 3218 adornasset
884 3161 931 3218 39.
960 3161 985 3216 1.
1011 3159 1137 3216 desisset
1162 3159 1208 3216 26.
1236 3163 1261 3218 6.
1288 3165 1412 3217 errasset

250 3264 295 3320 37.
312 3261 340 3321 3.
355 3260 508 3336 implesset
523 3261 549 3317 2.
564 3258 591 3319 3.
613 3265 750 3333 negasset
771 3259 817 3315 28.
834 3261 858 3318 3.
881 3258 1007 3333 perisset
1028 3257 1075 3316 37.
1091 3259 1117 3316 3.
1140 3262 1304 3332 perorasset
1326 3259 1409 3316 391.

249 3377 407 3418 consuesse
434 3359 528 3419 1115.
559 3375 677 3416 curasse
703 3359 749 3415 27.
771 3357 799 3417 2.
829 3356 963 3414 initiasse
989 3359 1015 3414 7.
1038 3358 1063 3414 2.
1093 3373 1182 3414 nosse
1208 3358 1234 3413 6.
1261 3360 1284 3416 1.
1317 3359 1361 3416 17.
1385 3359 1409 3416 1.

251 3461 295 3517 18.
319 3458 345 3516 9.
374 3459 418 3516 19.
441 3458 467 3514 8.
494 3458 540 3514 24.
563 3456 588 3514 2.
615 3457 660 3514 27.
683 3457 710 3516 8.
737 3456 783 3514 32.
807 3453 831 3512 7.
853 3458 975 3512 nutasse
997 3455 1042 3514 16.
1066 3457 1092 3515 1.
1118 3455 1316 3530 comprobaris
1337 3456 1362 3512 5.
1386 3458 1408 3512 1.

249 3556 402 3616 delectarit
423 3556 469 3614 14.
491 3555 517 3613 3.
538 3554 702 3631 repudiaris
723 3557 751 3612 5.
774 3555 798 3612 1.
820 3556 929 3611 norunt
949 3553 995 3614 24.
1018 3553 1044 3614 2,

327 3673 556 3750 Nonnumquam
577 3672 725 3732 Minucius
755 3671 820 3730 sine
853 3689 941 3730 cansa
969 3671 1001 3728 in
1030 3671 1210 3746 temporibus
1240 3671 1339 3729 variat.
1374 3673 1408 3730 01.

249 3775 275 3832 3.
298 3775 325 3834 2.
352 3791 395 3848 sq.
421 3791 489 3830 eum
513 3773 569 3830 hec
594 3789 728 3830 sermone
753 3771 817 3829 eius
841 3769 970 3827 medium
996 3769 1125 3844 spatium
1150 3770 1277 3828 eivitatrs
1299 3771 1408 3828 emensi

248 3872 306 3929 iam
326 3871 451 3929 liberum
473 3870 545 3928 litus
565 3871 736 3928 tenebamus
739 3913 860 3943 .....
887 3867 998 3930 ibidem
1023 3869 1169 3927 erroribus
1190 3869 1326 3928 delectati
1347 3887 1408 3944 per-

248 3988 336 4046 quam
357 3988 468 4043 smnus,
489 4013 584 4029 .....
604 3969 715 4027 sensim
734 3969 833 4044 itaque
853 3968 1070 4044 tranquilleque
1091 3968 1237 4044 progressi
1259 3986 1338 4026 oram
1358 4012 1407 4026 ...

246 4068 424 4143 legebamus
456 4071 481 4127 6.
513 4068 540 4128 3.
571 4068 641 4126 111110
670 4071 829 4144 perpetuus
853 4067 1048 4124 venerationis
1078 4071 1165 4129 tenor
1188 4066 1311 4142 mansit,
1337 4084 1408 4142 quae

247 4167 336 4242 longa
356 4170 450 4224 aetate
470 4184 530 4224 non
550 4166 729 4241 infringitur,
751 4165 803 4226 sed
823 4169 955 4240 augetur.
997 4166 1042 4224 28.
1059 4167 1085 4224 2.
1107 4171 1136 4226 01
1155 4183 1211 4225 uos
1232 4165 1312 4224 enim
1332 4166 1407 4224 idem

247 4265 372 4326 fecimus
393 4269 423 4325 et
444 4264 544 4324 eadem
564 4264 717 4324 vobiscum
737 4309 743 4325 .
766 4310 772 4326 .
795 4309 800 4324 .
824 4263 1029 4326 sentiebamus.
