<?xml version="1.0" encoding="UTF-8"?>
<!DOCTYPE html PUBLIC "-//W3C//DTD XHTML 1.0 Transitional//EN"
    "http://www.w3.org/TR/xhtml1/DTD/xhtml1-transitional.dtd">
<html xmlns="http://www.w3.org/1999/xhtml" xml:lang="en" lang="en">
 <head>
  <title>
</title>
<meta http-equiv="Content-Type" content="text/html;charset=utf-8" />
  <meta name='ocr-system' content='tesseract 3.04.00' />
  <meta name='ocr-capabilities' content='ocr_page ocr_carea ocr_par ocr_line ocrx_word'/>
</head>
<body>
  <div class='ocr_page' id='page_1' title='image "./degeneredicendi00theigoog_0046.png"; bbox 0 0 3004 4948; ppageno 0'>
   <div class='ocr_carea' id='block_1_1' title="bbox 653 219 687 275">
    <p class='ocr_par' dir='ltr' id='par_1_1' title="bbox 653 219 687 275">
     <span class='ocr_line' id='line_1_1' title="bbox 653 219 687 275; baseline 0 0"><span class='ocrx_word' id='word_1_1' title='bbox 653 219 687 275; x_wconf 81' lang='lat'>41</span> 
     </span>
    </p>
   </div>
   <div class='ocr_carea' id='block_1_2' title="bbox 407 505 926 756">
    <p class='ocr_par' dir='ltr' id='par_1_2' title="bbox 407 505 926 756">
     <span class='ocr_line' id='line_1_2' title="bbox 641 505 697 566; baseline 0 0"><span class='ocrx_word' id='word_1_2' title='bbox 641 505 697 566; x_wconf 91' lang='grc' dir='ltr'><strong>Π.</strong></span> 
     </span>
     <span class='ocr_line' id='line_1_3' title="bbox 407 686 926 756; baseline 0.006 -3"><span class='ocrx_word' id='word_1_3' title='bbox 407 691 464 753; x_wconf 86' lang='lat' dir='ltr'>Do</span> <span class='ocrx_word' id='word_1_4' title='bbox 487 687 676 754; x_wconf 84' lang='lat' dir='ltr'>orationis</span> <span class='ocrx_word' id='word_1_5' title='bbox 698 686 926 756; x_wconf 81' lang='lat' dir='ltr'>variatione.</span> 
     </span>
    </p>
   </div>
   <div class='ocr_carea' id='block_1_3' title="bbox 76 883 1257 1852">
    <p class='ocr_par' dir='ltr' id='par_1_3' title="bbox 76 883 1257 1852">
     <span class='ocr_line' id='line_1_4' title="bbox 163 883 1257 961; baseline 0.003 -19"><span class='ocrx_word' id='word_1_6' title='bbox 163 883 243 958; x_wconf 78' lang='lat' dir='ltr'>erae</span> <span class='ocrx_word' id='word_1_7' title='bbox 267 885 417 961; x_wconf 74' lang='lat' dir='ltr'>pertinent</span> <span class='ocrx_word' id='word_1_8' title='bbox 441 885 478 942; x_wconf 92' lang='lat' dir='ltr'>ad</span> <span class='ocrx_word' id='word_1_9' title='bbox 504 885 644 943; x_wconf 73' lang='lat' dir='ltr'>emtionis</span> <span class='ocrx_word' id='word_1_10' title='bbox 669 885 874 958; x_wconf 76' lang='lat' dir='ltr'>variationem,</span> <span class='ocrx_word' id='word_1_11' title='bbox 900 885 979 943; x_wconf 89' lang='lat' dir='ltr'>haud</span> <span class='ocrx_word' id='word_1_12' title='bbox 1004 885 1046 943; x_wconf 84' lang='lat' dir='ltr'>ita</span> <span class='ocrx_word' id='word_1_13' title='bbox 1071 885 1165 944; x_wconf 91' lang='lat' dir='ltr'>multa</span> <span class='ocrx_word' id='word_1_14' title='bbox 1186 889 1257 945; x_wconf 88' lang='lat' dir='ltr'>sunt</span> 
     </span>
     <span class='ocr_line' id='line_1_5' title="bbox 78 984 1256 1062; baseline 0.004 -21"><span class='ocrx_word' id='word_1_15' title='bbox 78 1003 158 1060; x_wconf 89' lang='lat' dir='ltr'>quae</span> <span class='ocrx_word' id='word_1_16' title='bbox 178 985 327 1044; x_wconf 84' lang='lat' dir='ltr'>mentione</span> <span class='ocrx_word' id='word_1_17' title='bbox 348 985 438 1059; x_wconf 88' lang='lat' dir='ltr'>digna</span> <span class='ocrx_word' id='word_1_18' title='bbox 458 984 622 1044; x_wconf 85' lang='lat' dir='ltr'>videantur.</span> <span class='ocrx_word' id='word_1_19' title='bbox 671 985 714 1043; x_wconf 83' lang='lat' dir='ltr'>Ac</span> <span class='ocrx_word' id='word_1_20' title='bbox 734 985 864 1060; x_wconf 88' lang='lat' dir='ltr'>primum</span> <span class='ocrx_word' id='word_1_21' title='bbox 885 985 1004 1062; x_wconf 89' lang='lat' dir='ltr'>quidem</span> <span class='ocrx_word' id='word_1_22' title='bbox 1024 984 1173 1045; x_wconf 90' lang='lat' dir='ltr'>Minucius</span> <span class='ocrx_word' id='word_1_23' title='bbox 1194 1005 1256 1046; x_wconf 88' lang='lat' dir='ltr'>ora-</span> 
     </span>
     <span class='ocr_line' id='line_1_6' title="bbox 77 1083 1257 1159; baseline 0.004 -19"><span class='ocrx_word' id='word_1_24' title='bbox 77 1083 173 1142; x_wconf 84' lang='lat' dir='ltr'>tionis</span> <span class='ocrx_word' id='word_1_25' title='bbox 184 1084 340 1142; x_wconf 80' lang='lat' dir='ltr'>variandae</span> <span class='ocrx_word' id='word_1_26' title='bbox 355 1083 452 1142; x_wconf 90' lang='lat' dir='ltr'>studio</span> <span class='ocrx_word' id='word_1_27' title='bbox 467 1083 574 1142; x_wconf 90' lang='lat' dir='ltr'>ductus</span> <span class='ocrx_word' id='word_1_28' title='bbox 588 1083 665 1141; x_wconf 85' lang='lat' dir='ltr'>intra</span> <span class='ocrx_word' id='word_1_29' title='bbox 685 1084 836 1141; x_wconf 89' lang='lat' dir='ltr'>enuntiata</span> <span class='ocrx_word' id='word_1_30' title='bbox 856 1084 1041 1159; x_wconf 88' lang='lat' dir='ltr'>singulorum</span> <span class='ocrx_word' id='word_1_31' title='bbox 1059 1085 1257 1145; x_wconf 88' lang='lat' dir='ltr'>membrorum</span> 
     </span>
     <span class='ocr_line' id='line_1_7' title="bbox 77 1167 1254 1258; baseline 0.002 -18"><span class='ocrx_word' id='word_1_32' title='bbox 77 1183 310 1240; x_wconf 79' lang='lat' dir='ltr'>concinnitatem</span> <span class='ocrx_word' id='word_1_33' title='bbox 335 1182 433 1242; x_wconf 91' lang='lat' dir='ltr'>violat.</span> <span class='ocrx_word' id='word_1_34' title='bbox 477 1183 523 1240; x_wconf 86' lang='lat' dir='ltr'>Ita</span> <span class='ocrx_word' id='word_1_35' title='bbox 544 1182 622 1240; x_wconf 87' lang='lat' dir='ltr'>inter</span> <span class='ocrx_word' id='word_1_36' title='bbox 647 1199 678 1240; x_wconf 90' lang='lat' dir='ltr'>se</span> <span class='ocrx_word' id='word_1_37' title='bbox 708 1187 915 1257; x_wconf 85' lang='lat' dir='ltr'>permutantur</span> <span class='ocrx_word' id='word_1_38' title='bbox 947 1183 977 1253; x_wconf 90' lang='lat' dir='ltr'>a)</span> <span class='ocrx_word' id='word_1_39' title='bbox 1003 1199 1148 1258; x_wconf 88' lang='lat' dir='ltr'>personae</span> <span class='ocrx_word' id='word_1_40' title='bbox 1173 1167 1254 1243; x_wconf 91' lang='lat' dir='ltr'>verbi</span> 
     </span>
     <span class='ocr_line' id='line_1_8' title="bbox 78 1280 1256 1356; baseline 0.003 -19"><span class='ocrx_word' id='word_1_41' title='bbox 78 1281 109 1340; x_wconf 86' lang='lat'>3.</span> <span class='ocrx_word' id='word_1_42' title='bbox 126 1285 153 1342; x_wconf 82' lang='lat'>5.</span> <span class='ocrx_word' id='word_1_43' title='bbox 176 1281 226 1340; x_wconf 87' lang='lat' dir='ltr'>sed</span> <span class='ocrx_word' id='word_1_44' title='bbox 247 1281 298 1339; x_wconf 94' lang='lat' dir='ltr'>ubi</span> <span class='ocrx_word' id='word_1_45' title='bbox 320 1325 328 1342; x_wconf 85' lang='lat'><strong>.</strong></span> <span class='ocrx_word' id='word_1_46' title='bbox 350 1326 356 1338; x_wconf 91' lang='lat'><strong>.</strong></span> <span class='ocrx_word' id='word_1_47' title='bbox 380 1326 388 1341; x_wconf 83' lang='lat'><strong>.</strong></span> <span class='ocrx_word' id='word_1_48' title='bbox 410 1325 416 1338; x_wconf 89' lang='lat'><strong>.</strong></span> <span class='ocrx_word' id='word_1_49' title='bbox 438 1281 687 1356; x_wconf 81' lang='lat' dir='ltr'>consumpsimus,</span> <span class='ocrx_word' id='word_1_50' title='bbox 709 1280 832 1339; x_wconf 90' lang='lat' dir='ltr'>eandem</span> <span class='ocrx_word' id='word_1_51' title='bbox 846 1281 959 1338; x_wconf 87' lang='lat' dir='ltr'>emensi</span> <span class='ocrx_word' id='word_1_52' title='bbox 980 1281 1059 1340; x_wconf 91' lang='lat' dir='ltr'>viam</span> <span class='ocrx_word' id='word_1_53' title='bbox 1079 1283 1256 1356; x_wconf 88' lang='lat' dir='ltr'>terebamus,</span> 
     </span>
     <span class='ocr_line' id='line_1_9' title="bbox 78 1379 1257 1453; baseline 0.002 -15"><span class='ocrx_word' id='word_1_54' title='bbox 78 1385 111 1438; x_wconf 88' lang='lat' dir='ltr'>et</span> <span class='ocrx_word' id='word_1_55' title='bbox 137 1398 205 1438; x_wconf 89' lang='lat' dir='ltr'>eum</span> <span class='ocrx_word' id='word_1_56' title='bbox 231 1380 267 1438; x_wconf 89' lang='lat' dir='ltr'>ad</span> <span class='ocrx_word' id='word_1_57' title='bbox 294 1379 324 1437; x_wconf 92' lang='lat' dir='ltr'>id</span> <span class='ocrx_word' id='word_1_58' title='bbox 349 1379 406 1438; x_wconf 91' lang='lat' dir='ltr'>loci</span> <span class='ocrx_word' id='word_1_59' title='bbox 431 1383 553 1438; x_wconf 89' lang='lat' dir='ltr'>ventum</span> <span class='ocrx_word' id='word_1_60' title='bbox 579 1383 638 1452; x_wconf 85' lang='lat' dir='ltr'>est,</span> <span class='ocrx_word' id='word_1_61' title='bbox 665 1417 757 1436; x_wconf 85' lang='grc'><strong>....</strong></span> <span class='ocrx_word' id='word_1_62' title='bbox 785 1395 892 1453; x_wconf 89' lang='lat' dir='ltr'>pueros</span> <span class='ocrx_word' id='word_1_63' title='bbox 918 1379 1057 1440; x_wconf 86' lang='lat' dir='ltr'>vidimus.</span> <span class='ocrx_word' id='word_1_64' title='bbox 1104 1383 1131 1440; x_wconf 85' lang='grc'><strong>6.</strong></span> <span class='ocrx_word' id='word_1_65' title='bbox 1159 1382 1185 1438; x_wconf 90' lang='grc'><strong>2.</strong></span> <span class='ocrx_word' id='word_1_66' title='bbox 1213 1382 1257 1440; x_wconf 89' lang='grc'>111</span> 
     </span>
     <span class='ocr_line' id='line_1_10' title="bbox 80 1476 1256 1554; baseline 0.001 -18"><span class='ocrx_word' id='word_1_67' title='bbox 80 1496 186 1536; x_wconf 90' lang='lat' dir='ltr'>eorum</span> <span class='ocrx_word' id='word_1_68' title='bbox 208 1483 338 1554; x_wconf 87' lang='lat' dir='ltr'>potestas</span> <span class='ocrx_word' id='word_1_69' title='bbox 365 1481 394 1536; x_wconf 89' lang='lat' dir='ltr'>et</span> <span class='ocrx_word' id='word_1_70' title='bbox 415 1477 572 1535; x_wconf 87' lang='lat' dir='ltr'>auotoritas</span> <span class='ocrx_word' id='word_1_71' title='bbox 593 1477 685 1534; x_wconf 92' lang='lat' dir='ltr'>totius</span> <span class='ocrx_word' id='word_1_72' title='bbox 707 1477 786 1534; x_wconf 93' lang='lat' dir='ltr'>orbis</span> <span class='ocrx_word' id='word_1_73' title='bbox 807 1476 934 1534; x_wconf 84' lang='lat' dir='ltr'>ambitus</span> <span class='ocrx_word' id='word_1_74' title='bbox 956 1479 1118 1553; x_wconf 84' lang='lat' dir='ltr'>occupavit,</span> <span class='ocrx_word' id='word_1_75' title='bbox 1139 1479 1182 1537; x_wconf 93' lang='lat' dir='ltr'>sic</span> <span class='ocrx_word' id='word_1_76' title='bbox 1202 1479 1256 1538; x_wconf 94' lang='lat' dir='ltr'>im-</span> 
     </span>
     <span class='ocr_line' id='line_1_11' title="bbox 77 1576 1256 1654; baseline 0.002 -18"><span class='ocrx_word' id='word_1_77' title='bbox 77 1578 197 1654; x_wconf 88' lang='lat' dir='ltr'>perium</span> <span class='ocrx_word' id='word_1_78' title='bbox 229 1595 316 1636; x_wconf 91' lang='lat' dir='ltr'>sunm</span> <span class='ocrx_word' id='word_1_79' title='bbox 343 1622 349 1635; x_wconf 91' lang='lat'><strong>.</strong></span> <span class='ocrx_word' id='word_1_80' title='bbox 372 1622 378 1634; x_wconf 94' lang='lat'><strong>.</strong></span> <span class='ocrx_word' id='word_1_81' title='bbox 401 1621 407 1634; x_wconf 89' lang='lat'><strong>.</strong></span> <span class='ocrx_word' id='word_1_82' title='bbox 430 1622 436 1634; x_wconf 91' lang='lat'><strong>.</strong></span> <span class='ocrx_word' id='word_1_83' title='bbox 461 1576 647 1652; x_wconf 88' lang='lat' dir='ltr'>propagavit,</span> <span class='ocrx_word' id='word_1_84' title='bbox 677 1576 748 1634; x_wconf 88' lang='lat' dir='ltr'>dum</span> <span class='ocrx_word' id='word_1_85' title='bbox 779 1581 919 1635; x_wconf 86' lang='lat' dir='ltr'>exercent</span> <span class='ocrx_word' id='word_1_86' title='bbox 943 1576 975 1634; x_wconf 90' lang='lat' dir='ltr'>in</span> <span class='ocrx_word' id='word_1_87' title='bbox 1000 1578 1091 1636; x_wconf 88' lang='lat' dir='ltr'>armis</span> <span class='ocrx_word' id='word_1_88' title='bbox 1116 1578 1256 1638; x_wconf 90' lang='lat' dir='ltr'>virtutem</span> 
     </span>
     <span class='ocr_line' id='line_1_12' title="bbox 76 1675 1255 1753; baseline 0.002 -19"><span class='ocrx_word' id='word_1_89' title='bbox 76 1677 250 1752; x_wconf 88' lang='lat' dir='ltr'>religiosam</span> <span class='ocrx_word' id='word_1_90' title='bbox 285 1676 419 1750; x_wconf 86' lang='lat' dir='ltr'>(debebat</span> <span class='ocrx_word' id='word_1_91' title='bbox 453 1693 519 1734; x_wconf 90' lang='lat' dir='ltr'>esse</span> <span class='ocrx_word' id='word_1_92' title='bbox 553 1679 712 1746; x_wconf 85' lang='lat' dir='ltr'>exercet,</span> <span class='ocrx_word' id='word_1_93' title='bbox 747 1678 781 1732; x_wconf 93' lang='lat' dir='ltr'>ut</span> <span class='ocrx_word' id='word_1_94' title='bbox 814 1675 993 1750; x_wconf 87' lang='lat' dir='ltr'>praecedens</span> <span class='ocrx_word' id='word_1_95' title='bbox 1028 1679 1255 1753; x_wconf 89' lang='lat' dir='ltr'>propagavit,</span> 
     </span>
     <span class='ocr_line' id='line_1_13' title="bbox 79 1771 1256 1852; baseline 0 -17"><span class='ocrx_word' id='word_1_96' title='bbox 79 1771 292 1852; x_wconf 87' lang='lat' dir='ltr'>occupavit.)</span> <span class='ocrx_word' id='word_1_97' title='bbox 332 1775 362 1848; x_wconf 90' lang='lat' dir='ltr'>b)</span> <span class='ocrx_word' id='word_1_98' title='bbox 383 1778 516 1848; x_wconf 88' lang='lat' dir='ltr'>tempora</span> <span class='ocrx_word' id='word_1_99' title='bbox 536 1774 572 1831; x_wconf 85' lang='lat' dir='ltr'>cf.</span> <span class='ocrx_word' id='word_1_100' title='bbox 595 1775 621 1832; x_wconf 87' lang='lat'>3.</span> <span class='ocrx_word' id='word_1_101' title='bbox 638 1773 666 1832; x_wconf 89' lang='grc'><strong>2.</strong></span> <span class='ocrx_word' id='word_1_102' title='bbox 682 1790 725 1848; x_wconf 89' lang='lat' dir='ltr'>sq.</span> <span class='ocrx_word' id='word_1_103' title='bbox 747 1773 920 1832; x_wconf 83' lang='lat' dir='ltr'>tenebamus</span> <span class='ocrx_word' id='word_1_104' title='bbox 942 1807 981 1816; x_wconf 91' lang='lat'><em>-</em></span> <span class='ocrx_word' id='word_1_105' title='bbox 1001 1774 1137 1834; x_wconf 86' lang='lat' dir='ltr'>delectati</span> <span class='ocrx_word' id='word_1_106' title='bbox 1153 1794 1256 1836; x_wconf 90' lang='lat' dir='ltr'>sumus</span> 
     </span>
    </p>
   </div>
   <div class='ocr_carea' id='block_1_4' title="bbox 77 1863 1293 2450">
    <p class='ocr_par' dir='ltr' id='par_1_4' title="bbox 77 1863 1255 2234">
     <span class='ocr_line' id='line_1_14' title="bbox 79 1863 1254 1949; baseline 0.001 -17"><span class='ocrx_word' id='word_1_107' title='bbox 79 1909 117 1916; x_wconf 97' lang='lat'><em>-</em></span> <span class='ocrx_word' id='word_1_108' title='bbox 140 1874 319 1949; x_wconf 83' lang='lat' dir='ltr'>legebamus.</span> <span class='ocrx_word' id='word_1_109' title='bbox 366 1874 413 1931; x_wconf 90' lang='grc'><strong>28.</strong></span> <span class='ocrx_word' id='word_1_110' title='bbox 439 1873 466 1930; x_wconf 90' lang='grc'><strong>2.</strong></span> <span class='ocrx_word' id='word_1_111' title='bbox 493 1871 573 1930; x_wconf 91' lang='lat' dir='ltr'>idem</span> <span class='ocrx_word' id='word_1_112' title='bbox 598 1870 723 1929; x_wconf 83' lang='lat' dir='ltr'>fecimus</span> <span class='ocrx_word' id='word_1_113' title='bbox 749 1875 779 1929; x_wconf 92' lang='grc'>11</span> <span class='ocrx_word' id='word_1_114' title='bbox 804 1863 1254 1934; x_wconf 84' lang='grc'><strong>11111111....11111111)1111111.</strong></span> 
     </span>
     <span class='ocr_line' id='line_1_15' title="bbox 77 1969 1255 2050; baseline -0.001 -18"><span class='ocrx_word' id='word_1_115' title='bbox 77 1977 106 2048; x_wconf 84' lang='lat' dir='ltr'>c)</span> <span class='ocrx_word' id='word_1_116' title='bbox 127 1989 272 2050; x_wconf 85' lang='lat' dir='ltr'>personae</span> <span class='ocrx_word' id='word_1_117' title='bbox 292 1975 322 2030; x_wconf 89' lang='grc'>11</span> <span class='ocrx_word' id='word_1_118' title='bbox 342 1988 399 2030; x_wconf 91' lang='grc'><strong>111.</strong></span> <span class='ocrx_word' id='word_1_119' title='bbox 442 1972 467 2028; x_wconf 83' lang='grc'><strong>7.</strong></span> <span class='ocrx_word' id='word_1_120' title='bbox 484 1970 512 2029; x_wconf 88' lang='grc'><strong>6.</strong></span> <span class='ocrx_word' id='word_1_121' title='bbox 538 1969 609 2027; x_wconf 90' lang='lat' dir='ltr'>dant</span> <span class='ocrx_word' id='word_1_122' title='bbox 631 1969 777 2030; x_wconf 85' lang='lat' dir='ltr'>cautelam</span> <span class='ocrx_word' id='word_1_123' title='bbox 798 1970 946 2045; x_wconf 90' lang='lat' dir='ltr'>perieulis,</span> <span class='ocrx_word' id='word_1_124' title='bbox 968 1971 1079 2032; x_wconf 88' lang='lat' dir='ltr'>morbis</span> <span class='ocrx_word' id='word_1_125' title='bbox 1100 1972 1255 2046; x_wconf 89' lang='lat' dir='ltr'>medelam,</span> 
     </span>
     <span class='ocr_line' id='line_1_16' title="bbox 78 2069 1255 2148; baseline -0.001 -16"><span class='ocrx_word' id='word_1_126' title='bbox 78 2090 165 2148; x_wconf 89' lang='lat' dir='ltr'>spem</span> <span class='ocrx_word' id='word_1_127' title='bbox 190 2070 333 2143; x_wconf 88' lang='lat' dir='ltr'>adflictis,</span> <span class='ocrx_word' id='word_1_128' title='bbox 360 2087 446 2146; x_wconf 91' lang='lat' dir='ltr'>opem</span> <span class='ocrx_word' id='word_1_129' title='bbox 471 2069 602 2142; x_wconf 81' lang='lat' dir='ltr'>miseris,</span> <span class='ocrx_word' id='word_1_130' title='bbox 630 2069 772 2127; x_wconf 88' lang='lat' dir='ltr'>solacium</span> <span class='ocrx_word' id='word_1_131' title='bbox 798 2069 1022 2144; x_wconf 88' lang='lat' dir='ltr'>calamitatibus,</span> <span class='ocrx_word' id='word_1_132' title='bbox 1043 2069 1192 2131; x_wconf 89' lang='lat' dir='ltr'>laboribus</span> <span class='ocrx_word' id='word_1_133' title='bbox 1213 2072 1255 2132; x_wconf 90' lang='lat' dir='ltr'>le-</span> 
     </span>
     <span class='ocr_line' id='line_1_17' title="bbox 77 2179 260 2234; baseline 0.005 -2"><span class='ocrx_word' id='word_1_134' title='bbox 77 2179 260 2234; x_wconf 72' lang='lat' dir='ltr'>ramentum.</span> 
     </span>
    </p>

    <p class='ocr_par' dir='ltr' id='par_1_5' title="bbox 77 2270 1293 2450">
     <span class='ocr_line' id='line_1_18' title="bbox 160 2270 1256 2348; baseline -0.002 -16"><span class='ocrx_word' id='word_1_135' title='bbox 160 2273 276 2332; x_wconf 91' lang='lat' dir='ltr'>Deinde</span> <span class='ocrx_word' id='word_1_136' title='bbox 295 2271 545 2348; x_wconf 85' lang='lat' dir='ltr'>significationum</span> <span class='ocrx_word' id='word_1_137' title='bbox 563 2271 756 2329; x_wconf 88' lang='lat' dir='ltr'>variationem</span> <span class='ocrx_word' id='word_1_138' title='bbox 775 2271 930 2330; x_wconf 88' lang='lat' dir='ltr'>adamavit.</span> <span class='ocrx_word' id='word_1_139' title='bbox 973 2270 1022 2330; x_wconf 87' lang='lat' dir='ltr'>Sic</span> <span class='ocrx_word' id='word_1_140' title='bbox 1035 2271 1072 2328; x_wconf 89' lang='lat' dir='ltr'>ad</span> <span class='ocrx_word' id='word_1_141' title='bbox 1087 2271 1256 2346; x_wconf 86' lang='lat' dir='ltr'>significan-</span> 
     </span>
     <span class='ocr_line' id='line_1_19' title="bbox 77 2368 1293 2450; baseline -0.002 -20"><span class='ocrx_word' id='word_1_142' title='bbox 77 2373 150 2430; x_wconf 89' lang='lat' dir='ltr'>dum</span> <span class='ocrx_word' id='word_1_143' title='bbox 177 2373 208 2430; x_wconf 87' lang='lat' dir='ltr'>id</span> <span class='ocrx_word' id='word_1_144' title='bbox 234 2371 313 2450; x_wconf 91' lang='lat' dir='ltr'>quod</span> <span class='ocrx_word' id='word_1_145' title='bbox 334 2389 389 2429; x_wconf 92' lang='lat' dir='ltr'>nos</span> <span class='ocrx_word' id='word_1_146' title='bbox 410 2371 536 2429; x_wconf 88' lang='lat' dir='ltr'>dicimus</span> <span class='ocrx_word' id='word_1_147' title='bbox 558 2371 758 2430; x_wconf 80' lang='lat' dir='ltr'>»uerhblmen«</span> <span class='ocrx_word' id='word_1_148' title='bbox 778 2369 858 2445; x_wconf 89' lang='lat' dir='ltr'>apud</span> <span class='ocrx_word' id='word_1_149' title='bbox 878 2369 964 2426; x_wconf 92' lang='lat' dir='ltr'>illum</span> <span class='ocrx_word' id='word_1_150' title='bbox 984 2368 1093 2445; x_wconf 89' lang='lat' dir='ltr'>legitur</span> <span class='ocrx_word' id='word_1_151' title='bbox 1114 2372 1141 2428; x_wconf 85' lang='lat'>8.</span> <span class='ocrx_word' id='word_1_152' title='bbox 1162 2370 1189 2428; x_wconf 85' lang='lat'>4.</span> <span class='ocrx_word' id='word_1_153' title='bbox 1212 2389 1256 2447; x_wconf 92' lang='lat' dir='ltr'>sq.</span> <span class='ocrx_word' id='word_1_154' title='bbox 1290 2443 1293 2450; x_wconf 73' lang='lat'>‚</span> 
     </span>
    </p>
   </div>
   <div class='ocr_carea' id='block_1_5' title="bbox 8 2469 1256 3732">
    <p class='ocr_par' dir='ltr' id='par_1_6' title="bbox 8 2469 1256 3028">
     <span class='ocr_line' id='line_1_20' title="bbox 76 2469 1256 2556; baseline -0.002 -26"><span class='ocrx_word' id='word_1_155' title='bbox 76 2472 259 2548; x_wconf 86' lang='lat' dir='ltr'>despiciunt,</span> <span class='ocrx_word' id='word_1_156' title='bbox 286 2471 444 2546; x_wconf 88' lang='lat' dir='ltr'>despuunt,</span> <span class='ocrx_word' id='word_1_157' title='bbox 465 2471 571 2544; x_wconf 85' lang='lat' dir='ltr'>rident,</span> <span class='ocrx_word' id='word_1_158' title='bbox 593 2474 746 2556; x_wconf 83' lang='lat' dir='ltr'>spernunt.</span> <span class='ocrx_word' id='word_1_159' title='bbox 789 2471 815 2527; x_wconf 82' lang='lat'>7.</span> <span class='ocrx_word' id='word_1_160' title='bbox 838 2471 865 2530; x_wconf 89' lang='lat'>5.</span> <span class='ocrx_word' id='word_1_161' title='bbox 888 2469 1013 2528; x_wconf 90' lang='lat' dir='ltr'>omitto</span> <span class='ocrx_word' id='word_1_162' title='bbox 1040 2474 1139 2528; x_wconf 87' lang='lat' dir='ltr'>vetera</span> <span class='ocrx_word' id='word_1_163' title='bbox 1160 2513 1166 2528; x_wconf 92' lang='lat'><strong>.</strong></span> <span class='ocrx_word' id='word_1_164' title='bbox 1189 2515 1197 2530; x_wconf 90' lang='lat'><strong>.</strong></span> <span class='ocrx_word' id='word_1_165' title='bbox 1220 2521 1225 2530; x_wconf 89' lang='lat'><strong>.</strong></span> <span class='ocrx_word' id='word_1_166' title='bbox 1249 2515 1256 2544; x_wconf 95' lang='lat'>,</span> 
     </span>
     <span class='ocr_line' id='line_1_21' title="bbox 75 2567 1255 2647; baseline -0.003 -17"><span class='ocrx_word' id='word_1_167' title='bbox 75 2571 230 2647; x_wconf 86' lang='lat' dir='ltr'>neglego</span> <span class='ocrx_word' id='word_1_168' title='bbox 256 2570 386 2630; x_wconf 89' lang='lat' dir='ltr'>carmina</span> <span class='ocrx_word' id='word_1_169' title='bbox 410 2573 578 2645; x_wconf 72' lang='lat' dir='ltr'>poetarum,</span> <span class='ocrx_word' id='word_1_170' title='bbox 606 2569 753 2628; x_wconf 82' lang='lat' dir='ltr'>...fata</span> <span class='ocrx_word' id='word_1_171' title='bbox 778 2567 958 2625; x_wconf 89' lang='lat' dir='ltr'>transilio.</span> <span class='ocrx_word' id='word_1_172' title='bbox 1001 2569 1048 2628; x_wconf 96' lang='grc'>21.</span> <span class='ocrx_word' id='word_1_173' title='bbox 1075 2570 1119 2628; x_wconf 88' lang='grc'>12.</span> <span class='ocrx_word' id='word_1_174' title='bbox 1141 2569 1255 2627; x_wconf 89' lang='lat' dir='ltr'>utiam</span> 
     </span>
     <span class='ocr_line' id='line_1_22' title="bbox 76 2668 1256 2742; baseline -0.002 -12"><span class='ocrx_word' id='word_1_175' title='bbox 76 2689 129 2730; x_wconf 91' lang='lat' dir='ltr'>eos</span> <span class='ocrx_word' id='word_1_176' title='bbox 150 2685 208 2732; x_wconf 89' lang='lat' dir='ltr'>neo</span> <span class='ocrx_word' id='word_1_177' title='bbox 228 2669 342 2728; x_wconf 87' lang='lat' dir='ltr'>caelum</span> <span class='ocrx_word' id='word_1_178' title='bbox 367 2668 572 2727; x_wconf 87' lang='lat' dir='ltr'>contineret</span> <span class='ocrx_word' id='word_1_179' title='bbox 597 2684 652 2725; x_wconf 90' lang='lat' dir='ltr'>nec</span> <span class='ocrx_word' id='word_1_180' title='bbox 673 2685 722 2725; x_wconf 90' lang='lat' dir='ltr'>aer</span> <span class='ocrx_word' id='word_1_181' title='bbox 746 2670 891 2742; x_wconf 86' lang='lat' dir='ltr'>caperet</span> <span class='ocrx_word' id='word_1_182' title='bbox 912 2685 968 2725; x_wconf 87' lang='lat' dir='ltr'>nee</span> <span class='ocrx_word' id='word_1_183' title='bbox 988 2671 1065 2726; x_wconf 89' lang='lat' dir='ltr'>terra</span> <span class='ocrx_word' id='word_1_184' title='bbox 1086 2671 1256 2742; x_wconf 83' lang='lat' dir='ltr'>gestaret.</span> 
     </span>
     <span class='ocr_line' id='line_1_23' title="bbox 8 2765 1253 2845; baseline 0 -21"><span class='ocrx_word' id='word_1_185' title='bbox 8 2819 9 2824; x_wconf 73' lang='grc'>,</span> <span class='ocrx_word' id='word_1_186' title='bbox 78 2769 125 2826; x_wconf 80' lang='grc'><strong>25.</strong></span> <span class='ocrx_word' id='word_1_187' title='bbox 141 2771 167 2828; x_wconf 86' lang='lat'>7.</span> <span class='ocrx_word' id='word_1_188' title='bbox 184 2768 255 2845; x_wconf 89' lang='lat' dir='ltr'>quid</span> <span class='ocrx_word' id='word_1_189' title='bbox 268 2771 367 2826; x_wconf 86' lang='lat' dir='ltr'>autem</span> <span class='ocrx_word' id='word_1_190' title='bbox 382 2766 433 2824; x_wconf 89' lang='lat' dir='ltr'>isti</span> <span class='ocrx_word' id='word_1_191' title='bbox 453 2765 495 2822; x_wconf 91' lang='lat' dir='ltr'>dii</span> <span class='ocrx_word' id='word_1_192' title='bbox 516 2783 569 2841; x_wconf 88' lang='lat' dir='ltr'>pro</span> <span class='ocrx_word' id='word_1_193' title='bbox 589 2765 732 2826; x_wconf 88' lang='lat' dir='ltr'>Romanis</span> <span class='ocrx_word' id='word_1_194' title='bbox 753 2769 920 2840; x_wconf 88' lang='lat' dir='ltr'>possunt,</span> <span class='ocrx_word' id='word_1_195' title='bbox 948 2766 1000 2842; x_wconf 87' lang='lat' dir='ltr'>qui</span> <span class='ocrx_word' id='word_1_196' title='bbox 1020 2765 1098 2823; x_wconf 91' lang='lat' dir='ltr'>nihil</span> <span class='ocrx_word' id='word_1_197' title='bbox 1118 2783 1172 2842; x_wconf 89' lang='lat' dir='ltr'>pro</span> <span class='ocrx_word' id='word_1_198' title='bbox 1188 2765 1253 2824; x_wconf 90' lang='lat' dir='ltr'>suis</span> 
     </span>
     <span class='ocr_line' id='line_1_24' title="bbox 77 2866 1256 2943; baseline -0.003 -15"><span class='ocrx_word' id='word_1_199' title='bbox 77 2871 221 2928; x_wconf 89' lang='lat' dir='ltr'>adversus</span> <span class='ocrx_word' id='word_1_200' title='bbox 242 2886 344 2928; x_wconf 90' lang='lat' dir='ltr'>eorum</span> <span class='ocrx_word' id='word_1_201' title='bbox 369 2885 450 2925; x_wconf 87' lang='lat' dir='ltr'>arma</span> <span class='ocrx_word' id='word_1_202' title='bbox 473 2866 686 2926; x_wconf 80' lang='lat' dir='ltr'>valuerunt?</span> <span class='ocrx_word' id='word_1_203' title='bbox 733 2867 778 2924; x_wconf 89' lang='lat'>14.</span> <span class='ocrx_word' id='word_1_204' title='bbox 802 2869 827 2926; x_wconf 83' lang='lat'>7.</span> <span class='ocrx_word' id='word_1_205' title='bbox 854 2885 892 2924; x_wconf 83' lang='lat' dir='ltr'>ex</span> <span class='ocrx_word' id='word_1_206' title='bbox 917 2867 1009 2926; x_wconf 85' lang='lat' dir='ltr'>altera</span> <span class='ocrx_word' id='word_1_207' title='bbox 1029 2869 1130 2943; x_wconf 90' lang='lat' dir='ltr'>parte</span> <span class='ocrx_word' id='word_1_208' title='bbox 1156 2900 1195 2909; x_wconf 95' lang='lat'>—</span> <span class='ocrx_word' id='word_1_209' title='bbox 1217 2884 1256 2924; x_wconf 84' lang='lat' dir='ltr'>ex</span> 
     </span>
     <span class='ocr_line' id='line_1_25' title="bbox 77 2967 314 3028; baseline 0 -2"><span class='ocrx_word' id='word_1_210' title='bbox 77 2969 171 3028; x_wconf 90' lang='lat' dir='ltr'>altero</span> <span class='ocrx_word' id='word_1_211' title='bbox 192 2967 314 3028; x_wconf 89' lang='grc'><strong>111111.</strong></span> 
     </span>
    </p>

    <p class='ocr_par' dir='ltr' id='par_1_7' title="bbox 74 3063 1256 3732">
     <span class='ocr_line' id='line_1_26' title="bbox 159 3063 1255 3141; baseline 0 -19"><span class='ocrx_word' id='word_1_212' title='bbox 159 3065 203 3125; x_wconf 90' lang='grc' dir='ltr'>Α1</span> <span class='ocrx_word' id='word_1_213' title='bbox 228 3064 367 3141; x_wconf 91' lang='lat' dir='ltr'>quoniam</span> <span class='ocrx_word' id='word_1_214' title='bbox 392 3064 429 3122; x_wconf 93' lang='lat' dir='ltr'>de</span> <span class='ocrx_word' id='word_1_215' title='bbox 454 3063 596 3122; x_wconf 88' lang='lat' dir='ltr'>orationis</span> <span class='ocrx_word' id='word_1_216' title='bbox 620 3064 781 3121; x_wconf 81' lang='lat' dir='ltr'>variatione</span> <span class='ocrx_word' id='word_1_217' title='bbox 806 3063 999 3136; x_wconf 86' lang='lat' dir='ltr'>dictumest,</span> <span class='ocrx_word' id='word_1_218' title='bbox 1020 3063 1053 3120; x_wconf 90' lang='lat' dir='ltr'>in</span> <span class='ocrx_word' id='word_1_219' title='bbox 1074 3064 1255 3122; x_wconf 90' lang='lat' dir='ltr'>mentionem</span> 
     </span>
     <span class='ocr_line' id='line_1_27' title="bbox 77 3161 1254 3238; baseline -0.002 -16"><span class='ocrx_word' id='word_1_220' title='bbox 77 3165 170 3224; x_wconf 89' lang='lat' dir='ltr'>incidi</span> <span class='ocrx_word' id='word_1_221' title='bbox 184 3163 395 3222; x_wconf 88' lang='lat' dir='ltr'>nonnullorum</span> <span class='ocrx_word' id='word_1_222' title='bbox 417 3161 543 3220; x_wconf 88' lang='grc'><strong>1111111111</strong></span> <span class='ocrx_word' id='word_1_223' title='bbox 564 3162 777 3238; x_wconf 86' lang='lat' dir='ltr'>exemplorum,</span> <span class='ocrx_word' id='word_1_224' title='bbox 804 3179 878 3237; x_wconf 88' lang='lat' dir='ltr'>quae</span> <span class='ocrx_word' id='word_1_225' title='bbox 899 3179 1079 3238; x_wconf 89' lang='lat' dir='ltr'>quamquam</span> <span class='ocrx_word' id='word_1_226' title='bbox 1100 3161 1138 3218; x_wconf 88' lang='lat' dir='ltr'>ad</span> <span class='ocrx_word' id='word_1_227' title='bbox 1158 3180 1254 3237; x_wconf 86' lang='lat' dir='ltr'>gram-</span> 
     </span>
     <span class='ocr_line' id='line_1_28' title="bbox 77 3258 1256 3337; baseline -0.001 -17"><span class='ocrx_word' id='word_1_228' title='bbox 77 3263 216 3322; x_wconf 83' lang='lat' dir='ltr'>maticam</span> <span class='ocrx_word' id='word_1_229' title='bbox 241 3261 395 3320; x_wconf 86' lang='lat' dir='ltr'>formalem</span> <span class='ocrx_word' id='word_1_230' title='bbox 420 3261 584 3337; x_wconf 88' lang='lat' dir='ltr'>pertinent,</span> <span class='ocrx_word' id='word_1_231' title='bbox 610 3263 709 3318; x_wconf 87' lang='lat' dir='ltr'>tamen</span> <span class='ocrx_word' id='word_1_232' title='bbox 734 3259 879 3320; x_wconf 85' lang='lat' dir='ltr'>hocloco</span> <span class='ocrx_word' id='word_1_233' title='bbox 904 3277 965 3318; x_wconf 93' lang='lat' dir='ltr'>non</span> <span class='ocrx_word' id='word_1_234' title='bbox 990 3258 1256 3335; x_wconf 85' lang='lat' dir='ltr'>praetermittenda</span> 
     </span>
     <span class='ocr_line' id='line_1_29' title="bbox 76 3357 1255 3434; baseline -0.003 -13"><span class='ocrx_word' id='word_1_235' title='bbox 76 3381 145 3421; x_wconf 91' lang='grc'><strong>1111</strong></span> <span class='ocrx_word' id='word_1_236' title='bbox 175 3361 328 3434; x_wconf 73' lang='lat' dir='ltr'>existimo,</span> <span class='ocrx_word' id='word_1_237' title='bbox 359 3359 424 3418; x_wconf 91' lang='lat' dir='ltr'>dico</span> <span class='ocrx_word' id='word_1_238' title='bbox 455 3364 554 3418; x_wconf 88' lang='lat' dir='ltr'>autem</span> <span class='ocrx_word' id='word_1_239' title='bbox 584 3359 681 3416; x_wconf 88' lang='lat' dir='ltr'>varias</span> <span class='ocrx_word' id='word_1_240' title='bbox 713 3357 845 3415; x_wconf 89' lang='lat' dir='ltr'>eiusdem</span> <span class='ocrx_word' id='word_1_241' title='bbox 876 3358 1009 3416; x_wconf 89' lang='lat' dir='ltr'>vocabuli</span> <span class='ocrx_word' id='word_1_242' title='bbox 1039 3359 1158 3419; x_wconf 84' lang='lat' dir='ltr'>formas.</span> <span class='ocrx_word' id='word_1_243' title='bbox 1205 3357 1255 3421; x_wconf 89' lang='lat' dir='ltr'>Sic</span> 
     </span>
     <span class='ocr_line' id='line_1_30' title="bbox 76 3456 1249 3532; baseline -0.002 -14"><span class='ocrx_word' id='word_1_244' title='bbox 76 3459 227 3518; x_wconf 88' lang='lat' dir='ltr'>Minucius</span> <span class='ocrx_word' id='word_1_245' title='bbox 254 3459 300 3520; x_wconf 82' lang='lat'>19.</span> <span class='ocrx_word' id='word_1_246' title='bbox 328 3459 372 3518; x_wconf 88' lang='grc'>15.</span> <span class='ocrx_word' id='word_1_247' title='bbox 393 3457 492 3530; x_wconf 67' lang='lat' dir='ltr'>»iere«</span> <span class='ocrx_word' id='word_1_248' title='bbox 513 3457 608 3530; x_wconf 88' lang='lat' dir='ltr'>habet,</span> <span class='ocrx_word' id='word_1_249' title='bbox 636 3456 682 3515; x_wconf 84' lang='lat'>20.</span> <span class='ocrx_word' id='word_1_250' title='bbox 706 3456 732 3514; x_wconf 94' lang='lat'>1.</span> <span class='ocrx_word' id='word_1_251' title='bbox 754 3456 883 3528; x_wconf 75' lang='lat' dir='ltr'>»ferme«</span> <span class='ocrx_word' id='word_1_252' title='bbox 905 3457 951 3513; x_wconf 86' lang='grc'><strong>25.</strong></span> <span class='ocrx_word' id='word_1_253' title='bbox 975 3458 1005 3531; x_wconf 83' lang='grc'>7;</span> <span class='ocrx_word' id='word_1_254' title='bbox 1033 3457 1081 3516; x_wconf 81' lang='grc'><strong>25.</strong></span> <span class='ocrx_word' id='word_1_255' title='bbox 1103 3456 1134 3532; x_wconf 88' lang='grc'>9;</span> <span class='ocrx_word' id='word_1_256' title='bbox 1162 3457 1209 3516; x_wconf 84' lang='grc'><strong>37.</strong></span> <span class='ocrx_word' id='word_1_257' title='bbox 1234 3460 1249 3516; x_wconf 93' lang='grc'>1</span> 
     </span>
     <span class='ocr_line' id='line_1_31' title="bbox 74 3552 1253 3632; baseline 0.001 -16"><span class='ocrx_word' id='word_1_258' title='bbox 74 3558 258 3630; x_wconf 77' lang='lat' dir='ltr'>»adversus«</span> <span class='ocrx_word' id='word_1_259' title='bbox 292 3557 339 3615; x_wconf 86' lang='grc'><strong>25.</strong></span> <span class='ocrx_word' id='word_1_260' title='bbox 362 3559 395 3632; x_wconf 81' lang='grc'>9;</span> <span class='ocrx_word' id='word_1_261' title='bbox 423 3555 544 3630; x_wconf 79' lang='lat' dir='ltr'>28.1o;</span> <span class='ocrx_word' id='word_1_262' title='bbox 571 3555 672 3630; x_wconf 85' lang='lat'><strong>31.1;</strong></span> <span class='ocrx_word' id='word_1_263' title='bbox 700 3552 796 3614; x_wconf 75' lang='lat'><strong>37.1‚</strong></span> <span class='ocrx_word' id='word_1_264' title='bbox 826 3554 894 3629; x_wconf 90' lang='lat' dir='ltr'>(bis)</span> <span class='ocrx_word' id='word_1_265' title='bbox 920 3553 1115 3614; x_wconf 77' lang='lat' dir='ltr'>»adversum«</span> <span class='ocrx_word' id='word_1_266' title='bbox 1156 3555 1203 3616; x_wconf 91' lang='lat'>11.</span> <span class='ocrx_word' id='word_1_267' title='bbox 1224 3559 1253 3617; x_wconf 87' lang='lat'>5.</span> 
     </span>
     <span class='ocr_line' id='line_1_32' title="bbox 76 3653 1195 3732; baseline 0 -20"><span class='ocrx_word' id='word_1_268' title='bbox 76 3657 125 3714; x_wconf 87' lang='lat'>18.</span> <span class='ocrx_word' id='word_1_269' title='bbox 147 3658 176 3716; x_wconf 83' lang='lat'>5.</span> <span class='ocrx_word' id='word_1_270' title='bbox 195 3655 265 3729; x_wconf 84' lang='lat' dir='ltr'>»ni,«</span> <span class='ocrx_word' id='word_1_271' title='bbox 286 3653 409 3732; x_wconf 90' lang='lat' dir='ltr'>reliquis</span> <span class='ocrx_word' id='word_1_272' title='bbox 429 3653 503 3714; x_wconf 88' lang='lat' dir='ltr'>loeis</span> <span class='ocrx_word' id='word_1_273' title='bbox 524 3653 612 3712; x_wconf 82' lang='lat' dir='ltr'>»nisi«</span> <span class='ocrx_word' id='word_1_274' title='bbox 653 3655 700 3712; x_wconf 82' lang='lat'>37.</span> <span class='ocrx_word' id='word_1_275' title='bbox 721 3654 750 3712; x_wconf 88' lang='grc'><strong>4.</strong></span> <span class='ocrx_word' id='word_1_276' title='bbox 771 3653 1195 3712; x_wconf 74' lang='grc' dir='ltr'><strong>&gt;&gt;11111111111κ&lt;11&gt;111111111111.«</strong></span> 
     </span>
    </p>
   </div>
   <div class='ocr_carea' id='block_1_6' title="bbox 560 3898 772 3907">
    <p class='ocr_par' dir='ltr' id='par_1_8' title="bbox 560 3898 772 3907">
     <span class='ocr_line' id='line_1_33' title="bbox 560 3898 772 3907; baseline -0.005 0"><span class='ocrx_word' id='word_1_277' title='bbox 560 3898 772 3907; x_wconf 75' lang='lat'>——-—-—-—</span> 
     </span>
    </p>
   </div>
   <div class='ocr_carea' id='block_1_7' title="bbox 0 0 1506 4948">
    <p class='ocr_par' dir='ltr' id='par_1_9' title="bbox 0 0 1506 4948">
     <span class='ocr_line' id='line_1_34' title="bbox 0 0 1506 4948; baseline 0 1"><span class='ocrx_word' id='word_1_278' title='bbox 0 0 1506 4948; x_wconf 95' lang='lat' dir='ltr'> </span> 
     </span>
    </p>
   </div>
  </div>
 </body>
</html>
