3004 4948
646 287 681 341 47

159 467 287 527 Transeo
301 468 337 526 ad
352 467 517 544 anaphoras
530 468 663 543 figuram,
686 485 774 543 quam
788 471 898 530 auctor,
920 471 954 524 ut
967 468 1107 526 maiorem
1125 468 1251 543 gravita-

10 577 11 648 1
73 569 139 626 tem
150 567 274 625 crationi
283 566 410 638 adderet,
425 565 593 642 frequenter
602 565 765 640 usurpavit.
782 565 1082 641 Cf.5.12.nunquam
1092 571 1252 624 mereretur

74 664 213 722 Phalaris
228 669 258 722 et
272 663 434 738 Dionysius
450 680 582 738 regnum,
604 681 755 738 nunquam
771 663 900 721 Rutilius
915 668 944 721 01
960 663 1104 722 Camillus
1118 663 1250 732 exilium,

74 779 232 837 nunquam
253 761 387 822 Socrates
408 779 563 818 venenum.
606 751 632 820 6.
656 761 682 817 2.
705 761 748 818 010
769 778 868 818 eorum
891 766 1022 836 potestas
1043 765 1073 818 01
1093 762 1253 819 auctoritas

75 859 172 918 totius
198 859 276 917 orbis
302 859 445 917 ambitum
471 857 633 932 occupavit,
660 858 704 916 sic
724 857 882 933 imperium
903 877 991 918 suum
1011 893 1050 900 —
1071 861 1253 938 propagavit,

76 957 150 1014 dnm
176 961 314 1016 exercent
338 957 476 1014 virtutem
503 955 686 1030 religiosam,
717 956 787 1014 dum
812 957 915 1013 urbem
940 957 1080 1014 muniunt
1107 991 1157 1031 -,
1183 958 1254 1014 dum

77 1055 194 1113 obsessi
216 1088 252 1096 -
274 1054 377 1112 colunt
398 1053 481 1127 deos,
503 1053 574 1110 dum
596 1087 633 1095 -
655 1053 778 1111 numina
798 1054 876 1112 victa
897 1059 1082 1128 venerantur,
1103 1055 1175 1113 dum
1195 1074 1252 1112 un-

10 1165 12 1200 ?
78 1153 170 1230 dique
194 1153 327 1229 hospites
352 1153 423 1210 deos
449 1157 607 1227 quaerunt,
634 1152 704 1209 dum
730 1169 796 1210 aras
823 1157 982 1210 exstruunt
1003 1187 1042 1194 —
1065 1156 1090 1212 7.
1114 1157 1140 1216 3.
1167 1155 1255 1213 testis

10 1235 11 1238 Ἴ
77 1255 174 1309 mater
199 1249 287 1312 Idaea
313 1285 364 1324 —,
389 1254 482 1312 testes
508 1249 691 1326 equestrium
715 1249 840 1308 fratrum
867 1285 905 1293 —
927 1254 1040 1309 statuae
1061 1258 1255 1327 consecratae,

79 1350 169 1408 testis
194 1350 332 1408 ludorum
358 1349 463 1407 offensi
488 1349 570 1406 Jovis
591 1381 630 1390 -—
651 1347 775 1419 iteratio,
802 1349 887 1406 testis
912 1354 942 1406 et
963 1348 1083 1408 Curtius
1105 1371 1157 1426 -;
1180 1354 1206 1409 9.
1228 1354 1254 1410 5.

77 1448 171 1506 111110
201 1481 240 1490 ··-·
267 1447 442 1522 sanguinem
471 1446 619 1520 lambunt,
650 1447 739 1504 huius
766 1491 771 1504 .
801 1492 806 1504 .
835 1491 840 1504 .
868 1491 874 1503 .
906 1448 1036 1508 membra
1067 1449 1255 1525 dispertiunt,

9 1563 10 1640 ,
78 1546 137 1604 1100
150 1546 338 1606 foederantur
353 1545 458 1618 hostia,
480 1545 535 1602 bac
549 1544 731 1602 conscientia
753 1544 873 1603 sceleris
895 1545 931 1602 ad
953 1545 1105 1604 silentium
1119 1552 1257 1606 mutuum

78 1644 282 1719 pignerantur.
325 1645 404 1702 12.3
425 1660 493 1700 cum
514 1641 644 1719 periculo
665 1642 802 1718 quateris,
824 1660 892 1701 cum
913 1643 1042 1702 febribus
1063 1646 1166 1719 ureris,
1187 1665 1255 1705 cum

80 1742 183 1802 dolore
205 1742 351 1801 laceraris
399 1743 447 1801 17.
468 1745 495 1802 4.
523 1741 595 1816 quid
620 1740 702 1799 eninr
726 1743 826 1816 potest
851 1759 917 1800 esse
943 1747 1004 1800 tam
1029 1748 1173 1818 apertum,
1195 1750 1257 1803 tam

9 1885 10 1902 .
80 1841 265 1915 confessum,
293 1844 412 1915 tamque
438 1839 639 1915 perspicuum.
684 1840 730 1897 23.
753 1841 799 1900 13.
825 1857 892 1898 0000
915 1841 1063 1914 funditur,
1090 1842 1256 1917 fabricatur,

83 1939 240 2016 sculpitur,
271 1957 338 1998 ecce
368 1939 553 2016 plumbatur,
586 1939 780 2012 construitur,
808 1939 944 2014 erigitur,
970 1958 1037 1998 0000
1062 1948 1257 2018 consecratur,

9 2021 10 2040 ¹
85 2041 215 2112 ornatur,
237 2042 344 2098 oratur.
386 2040 432 2100 25.
455 2038 481 2096 3.
504 2037 576 2115 quid
597 2036 806 2111 inreligiosius
828 2037 900 2114 quid
921 2039 1074 2113 audacius,
1096 2040 1168 2116 quid
1192 2042 1258 2117 ipsa

9 2155 10 2188 1
84 2137 206 2196 00010110
231 2136 410 2196 confidentia
434 2137 571 2213 turpius?
617 2138 664 2196 27.
691 2135 717 2193 3.
745 2136 789 2194 010
812 2136 978 2210 insaniunt,
1006 2138 1049 2195 010
1070 2139 1257 2215 bacchantur,

9 2211 10 2246 ³
85 2238 129 2295 010
153 2241 297 2297 rotantur.
344 2237 392 2296 32.
419 2240 445 2298 3.
475 2237 547 2294 haec
571 2241 672 2294 nostra
698 2235 851 2310 sacrificia,
882 2237 954 2295 haec
983 2237 1038 2295 Dei
1069 2255 1150 2296 sacra
1179 2244 1257 2298 sunt.

86 2338 133 2394 37.
166 2335 193 2396 1.
224 2353 292 2394 011111
322 2334 509 2394 Christianus
539 2351 607 2392 cum
641 2334 742 2392 dolore
777 2335 976 2409 congreditur,
1007 2354 1074 2394 oum
1103 2337 1259 2395 adversum

85 2435 183 2492 minas
205 2479 211 2492 .
234 2478 242 2496 .
264 2479 270 2491 .
292 2434 489 2510 componitur,
515 2452 583 2492 cum
604 2433 763 2509 strepitum
783 2433 889 2493 mortis
911 2479 917 2491 .
940 2478 946 2491 .
969 2478 975 2491 .
998 2479 1004 2491 .
1026 2434 1168 2508 inculcat,
1191 2455 1259 2494 cum

85 2533 252 2593 libertatem
283 2552 368 2592 suam
393 2572 517 2592 .....
547 2532 635 2607 erigit
660 2577 666 2590 .
689 2578 695 2590 .
718 2576 725 2594 .
749 2576 755 2608 ,
781 2550 849 2590 oum
878 2532 1077 2612 triumphator
1106 2539 1136 2593 et
1166 2535 1260 2593 victor

87 2677 214 2693 .....
235 2632 368 2690 insultat.

123 2781 127 2790 ·
168 2749 265 2824 Atque
295 2749 384 2806 etiam
414 2747 506 2806 multa
535 2747 659 2806 chiasmi
684 2747 821 2823 exempla
846 2751 966 2806 exstant
990 2749 1069 2824 apud
1094 2749 1259 2808 Minucium

88 2848 179 2907 simul
213 2866 282 2906 cum
314 2847 452 2920 asyndeti
486 2848 579 2921 figura
610 2847 775 2907 coniuncta.
832 2847 986 2923 Exscripsi
1012 2849 1149 2924 exempla
1173 2849 1259 2910 haec:

89 2949 118 3006 5.
133 2948 159 3005 1.
174 2945 339 3022 repudiaris
353 2945 488 3018 alterum,
509 2945 635 3004 alterum
655 2946 854 3022 comprobaris
897 2947 943 3005 10.
959 2949 985 3004 5.
1002 2947 1134 3004 omnium
1154 2964 1259 3021 mores,

88 3049 172 3102 actus
187 3044 328 3104 omnium.
360 3044 406 3100 11.
423 3045 438 3101 1
454 3043 605 3100 minantur
618 3043 796 3118 incendium,
817 3044 934 3102 ruinam
948 3045 1118 3102 moliuntur.
1153 3047 1196 3106 19.
1217 3047 1259 3106 14.

88 3143 193 3201 mundi
213 3160 329 3218 parone,
355 3142 462 3199 artifex
487 3141 609 3214 animae,
635 3143 805 3201 caelestium
831 3147 1072 3224 terrenorumque
1093 3145 1259 3212 fabricator,

89 3241 136 3299 23.
153 3240 244 3301 31110
264 3259 366 3298 eorum
387 3240 468 3316 paria
488 3241 663 3315 composuit,
685 3241 827 3298 sauciavit
841 3241 997 3313 Venerem,
1019 3242 1143 3300 Martem
1164 3243 1261 3301 vinxit

90 3341 137 3401 24.
153 3341 179 3397 2.
199 3339 322 3396 ridenda
344 3356 432 3414 quam
453 3339 554 3412 multa,
576 3357 666 3414 quam
685 3339 780 3396 multa
799 3339 972 3398 miseranda.
1015 3341 1061 3398 32.
1084 3343 1111 3400 9.
1132 3342 1261 3400 tenebris

88 3439 227 3511 interest,
256 3437 381 3496 interest
410 3437 637 3511 cogitationibus
667 3437 785 3496 nostris.
837 3437 883 3496 37.
912 3439 957 3496 10.
984 3439 1096 3513 fulgere
1121 3427 1260 3516 purpura,

89 3541 189 3595 mente
211 3535 378 3594 sordeseere
418 3536 465 3595 31.
487 3538 515 3595 b.
537 3541 617 3594 casto
640 3553 782 3610 sermone,
803 3555 925 3612 corpore
946 3537 1080 3598 castiore.

8 2669 10 2738 l

170 3652 265 3710 Locos
287 3652 394 3727 quibus
415 3652 564 3710 chiasmus
585 3671 652 3711 cum
673 3653 817 3726 asyndcto
838 3670 899 3710 non
920 3654 1096 3712 coniunctus
1117 3659 1171 3728 est,
1192 3673 1261 3713 eno-

90 3751 151 3809 tavi
165 3751 233 3810 hos:
256 3753 283 3810 3.
299 3753 325 3807 6.
345 3755 375 3808 01
388 3755 573 3825 procurreret
590 3750 710 3825 longius
731 3755 761 3808 et
781 3751 965 3826 frequentius
987 3753 1127 3812 exsiliret.
1170 3755 1217 3812 21.
1236 3757 1260 3814 1.

8 3891 9 3910 t
91 3858 206 3918 Dictaei
225 3857 307 3915 Jovis
327 3862 357 3915 01
370 3857 521 3933 Apollinis
535 3857 671 3934 Delphici
692 3861 722 3916 et
735 3858 858 3916 Phariae
879 3859 968 3917 Isidis
989 3866 1019 3917 et
1040 3860 1153 3918 Cereris
1174 3860 1261 3918 Eleu-

93 3966 194 4025 siniae.
236 3968 282 4025 26.
300 3968 326 4023 1.
344 3971 374 4023 01
394 3965 580 4040 paenitenter
601 3966 711 4024 omissa
731 3969 761 4024 et
782 3967 933 4024 observata
952 3966 1084 4025 feliciter.
1126 3968 1262 4028 211701

92 4065 182 4124 altius
208 4082 310 4123 eruere
335 4068 364 4122 et
389 4064 502 4140 aperire
522 4065 720 4125 manifestius.
762 4065 808 4124 27.
831 4067 856 4124 8.
880 4069 909 4123 01
930 4065 1027 4124 odisse
1049 4084 1138 4142 quem
1157 4067 1262 4126 timeas
1354 4133 1358 4156 Ι

8 4235 9 4256 ¹
92 4170 122 4223 et
151 4183 238 4240 quem
264 4163 404 4224 metueris
434 4163 576 4224 infestare
617 4164 663 4223 40.
686 4167 712 4224 3.
734 4167 763 4224 01
783 4164 947 4242 inspiratus
968 4165 1062 4224 oravit
1082 4170 1111 4225 et
1135 4167 1262 4227 obtinuit

8 4279 13 4434 q
93 4264 220 4325 adiutus.
