3004 4948
665 241 698 296 27

88 421 202 482 inlusit
233 425 263 482 61
288 441 355 482 cum
381 440 482 513 earum
507 421 736 500 parentibus..
759 420 900 482 ‚bellum
919 421 1046 482 miscuit.
1089 422 1136 482 28.
1158 423 1185 482 8.
1208 440 1268 481 ser·

87 523 246 598 pentibus,
271 521 439 596 crocodilis,
468 521 565 580 beluis
594 521 700 582 ceteris
725 524 755 580 et
783 520 887 579 avibus
912 524 942 579 61
962 519 1102 596 piscibus.
1157 521 1203 578 32.
1217 522 1264 580 ·17

86 621 173 680 66166
198 621 400 695 submovetur,
431 621 550 679 obtutus
575 620 719 679 intuentis
743 619 896 678 hebetatur
926 623 955 678 et
981 619 1078 678 omnis
1108 619 1192 679 visus
1213 638 1265 678 ex·
1374 657 1375 664 .

88 719 265 795 stinguitur.

173 839 217 898 111
236 857 289 916 pro
311 837 418 897 etiam
438 838 570 914 positum
591 837 765 913 saepissime
789 836 868 913 apud
892 835 1058 895 Minucium
1082 837 1198 912 legitur.
1226 839 1265 900 cf.

87 939 119 996 2.
143 941 171 1012 3,
198 956 268 997 sane
293 941 323 996 61
347 936 384 995 ad
408 936 588 995 vindemiam
613 935 703 994 feriae
727 935 912 994 iudiciariam
932 953 1032 994 curam
1052 935 1264 995 relaxaverant.

87 1039 121 1097 7.
142 1039 169 1096 3.
184 1037 270 1095 testis
292 1039 322 1094 et
343 1032 464 1096 Curtius
486 1037 534 1095 11.
548 1036 575 1094 3.
598 1034 649 1111 qui
671 1034 748 1092 sicut
767 1033 917 1092 nascimur
936 1037 966 1092 et
986 1033 1151 1100 interimus.
1176 1036 1221 1094 10.
1239 1038 1264 1094 1.

85 1154 163 1193 nam
176 1135 291 1194 ethaeo
304 1135 395 1193 nimis
409 1133 504 1192 multa
518 1137 595 1192 sunt.
620 1131 664 1195 17.
680 1135 698 1192 5
713 1133 780 1192 vide
794 1136 824 1192 61
844 1151 955 1192 annum
976 1133 1023 1193 21.
1039 1134 1067 1194 2.
1088 1133 1120 1191 in
1141 1134 1266 1193 eandem

87 1234 270 1292 sententiam
283 1237 313 1292 61
326 1233 470 1292 Persaeus
483 1233 717 1310 philosophatur.
748 1232 794 1290 22.
812 1230 830 1288 5
849 1232 935 1308 quasi
953 1236 983 1291 et
1003 1249 1123 1290 aversus
1144 1232 1263 1290 incedat

24 1373 38 1384 -
86 1335 141 1392 26.
164 1335 192 1394 3.
218 1333 318 1408 pullos
344 1332 448 1391 edaces
473 1331 576 1390 habuit
596 1334 626 1390 et
652 1330 765 1390 Paulus
791 1333 838 1390 27.
860 1331 887 1388 3.
909 1331 980 1389 hinc
1000 1331 1061 1389 sint
1081 1334 1112 1388 61
1131 1317 1282 1389 1111611166

87 1433 139 1492 28.
162 1431 189 1489 8.
210 1448 311 1489 nonne
332 1434 362 1488 et
382 1431 480 1506 Apim
492 1431 596 1489 bovem
617 1447 685 1488 cum
704 1429 863 1506 Aegyptiis
883 1429 1030 1488 adoratis?
1053 1430 1099 1490 31.
1123 1430 1140 1486 2
1164 1429 1207 1488 sic
1228 1431 1265 1489 de

73 1529 151 1588 ¹isto
181 1532 211 1588 et
240 1532 310 1589 tuus
337 1528 449 1591 Fronto
479 1529 684 1588 testimonium
712 1529 791 1588 fecit.
818 1529 865 1586 31.
891 1531 918 1588 3.
946 1529 989 1588 sic
1014 1533 1044 1587 et
1069 1530 1139 1588 deos
1165 1529 1264 1598 colitis

86 1629 138 1688 34.
156 1632 172 1689 7
187 1627 303 1690 addunt
323 1630 391 1690 istis
412 1633 442 1689 et
462 1629 514 1687 illa
535 1629 645 1688 3410.
666 1633 701 1687 tu
721 1629 819 1705 perire
840 1632 870 1687 et
889 1629 944 1687 deo
965 1628 1061 1687 credis
1083 1628 1129 1687 35.
1146 1628 1163 1686 6
1185 1628 1264 1704 apud

65 1747 147 1800 =nos
168 1732 198 1787 et
218 1729 347 1804 cogitare
367 1746 488 1805 peccare
508 1731 562 1786 est.
584 1727 665 1786 Haec
687 1727 845 1788 sufficiant.

170 1827 214 1886 nt
229 1850 262 1872 ==
281 1831 311 1886 et
330 1827 479 1904 imprimis
500 1824 590 1886 27.1.
612 1845 629 1884 6
649 1827 836 1902 philosophis
857 1829 887 1884 et
906 1845 924 1885 a
943 1826 1077 1885 Platone.

171 1927 292 2004 Aeque
311 1930 345 1986 61
365 1945 418 2003 pro
443 1944 555 2003 aeque
579 1945 617 1984 ao
641 1926 773 2002 positum
798 1930 844 1984 est
872 1927 917 1985 17.
940 1924 966 1984 7.
992 1944 1092 1984 nonne
1112 1929 1262 1984 auctorem

88 2043 180 2083 suum
197 2025 409 2102 parentemque
421 2028 548 2084 testatur
561 2042 612 2082 161
624 2043 716 2102 aeque
730 2043 797 2083 cum
812 2024 875 2083 suis
888 2024 1010 2084 floribus
1031 2028 1065 2083 61
1083 2027 1179 2083 666166
1194 2043 1262 2083 cum

88 2128 155 2187 suis
176 2130 341 2188 messibus?

170 2226 213 2285 Et
227 2231 295 2286 ante
308 2229 496 2304 negationem
509 2232 686 2306 usurpatum
700 2231 798 2288 exstat
820 2228 865 2287 19.
882 2227 919 2288 15
934 2232 964 2287 61
977 2245 1130 2304 nunquam
1145 2226 1262 2303 publice

86 2324 150 2384 nisi
174 2325 347 2402 interrogati
371 2327 574 2403 praedicamus
600 2329 647 2386 28.
672 2329 700 2389 2.
722 2329 751 2386 et
776 2345 926 2404 nunquam
949 2327 998 2385 161
1018 2325 1192 2401 investigari
1212 2325 1262 2383 161

86 2425 205 2500 probari
227 2425 275 2499 (cf.
297 2425 401 2500 Draeg.
424 2443 447 2484 s.
469 2425 501 2483 T.
525 2430 540 2500 5
564 2425 642 2502 111.)

168 2524 212 2582 111
236 2525 448 2601 explicativum
473 2525 552 2602 apud
577 2525 741 2586 Minucium
767 2525 894 2584 occmrit
919 2526 946 2584 5.
968 2525 996 2582 4.
1018 2524 1261 2583 indolescendum
1370 2605 1374 2616 ¹

87 2627 136 2682 est
155 2623 262 2682 audere
283 2623 427 2700 quosdam
447 2627 477 2682 61
496 2624 553 2683 hoc
574 2624 740 2683 studiorum
759 2623 855 2683 rudes.
898 2623 944 2682 12.
967 2624 993 2682 2.
1015 2640 1084 2686 ecoe
1105 2641 1174 2699 pars
1195 2641 1260 2682 ves-

86 2724 178 2796 trum,
199 2724 230 2783 et
250 2722 351 2797 maior,
372 2723 485 2782 melior.

167 2839 211 2898 111
236 2841 255 2900 i.
275 2860 302 2918 q.
323 2844 357 2900 et
377 2845 496 2901 16111611
516 2841 563 2902 24.
578 2843 605 2901 2.
625 2842 695 2901 illos
716 2843 767 2916 (sc.
783 2842 865 2917 deos)
881 2859 955 2919 quos
976 2841 1074 2900 facitis
1095 2841 1260 2918 protegitis,

87 2941 118 2996 et
132 2938 243 2998 timetis
265 2939 342 2999 253
363 2959 464 3000 nonne
480 2927 606 3016 'auguria
627 2941 756 3000 66116111
776 2943 806 3000 61
826 2945 930 3017 captus
952 2942 1016 3000 6611
1038 2942 1090 3015 (so.
1105 2940 1260 3016 Regulus.)

87 3037 135 3100 35.
159 3038 184 3094 6.
204 3055 257 3097 166
278 3039 423 3099 adulteria
443 3039 606 3116 prohibetis
627 3042 658 3097 et
677 3039 784 3098 facitis.

167 3135 212 3195 De
233 3139 268 3195 61
290 3137 370 3214 ipse
391 3136 558 3212 (ebenfalls)
580 3154 669 3214 supra
689 3137 802 3196 dictum
822 3141 875 3196 est.

167 3234 283 3294 Etiam
308 3239 342 3294 61
368 3235 414 3294 25.
437 3235 483 3294 12.
504 3236 633 3310 Assyrii,
658 3236 746 3312 Medi,
771 3237 887 3312 Persae,
915 3235 1018 3297 Graeci
1044 3238 1133 3296 etiam
1153 3233 1183 3297 et
1202 3239 1259 3298 Ae-

88 3335 185 3412 gyptii
205 3335 252 3412 (cl.
274 3335 378 3412 Draeg.
401 3352 425 3396 s.
439 3335 467 3394 h.
486 3334 518 3394 Η
537 3355 603 3413 pag.
626 3336 672 3396 32.
694 3340 724 3396 et
743 3335 799 3397 Ed.
813 3332 942 3398 Woelffl.
964 3336 1001 3396 de
1020 3337 1071 3400 161.
1094 3334 1177 3399 Cass.
1199 3337 1259 3397 Fal.

88 3454 154 3512 pag·
175 3435 254 3504 427.)

168 3535 205 3592 In
219 3535 421 3611 compluribus
434 3535 583 3610 membris,
605 3553 680 3613 quae
699 3537 818 3613 quidem
838 3555 941 3614 parem
960 3537 1071 3596 habent
1091 3537 1260 3612 circuitum,

88 3633 261 3709 copulandis
275 3633 369 3692 variat
389 3634 539 3693 interdum
552 3634 701 3694 Minucius
715 3635 884 3712 particulas,
906 3653 964 3712 qua
983 3653 1016 3694 rc
1030 3634 1150 3694 Tacitus
1171 3636 1260 3695 liber·

88 3733 181 3791 rimus
205 3735 261 3790 est.
292 3732 408 3810 (Draeg.
440 3751 464 3793 s.
493 3734 524 3795 11.
553 3733 585 3792 II
616 3753 681 3811 pag.
709 3735 758 3809 63)
784 3735 821 3795 61.
848 3736 894 3794 22.
922 3736 949 3795 1.
975 3735 1036 3793 fata
1056 3739 1086 3794 et
1106 3735 1210 3794 funera
1231 3740 1261 3794 et

88 3832 187 3890 luctus
212 3834 301 3907 atque
326 3831 472 3908 planctus.
500 3835 546 3893 25.
570 3836 596 3894 7.
617 3834 771 3910 Romulus,
792 3835 890 3910 Picus,
912 3834 1068 3896 Tiberinus
1090 3840 1120 3894 61
1141 3833 1260 3898 Consus

89 3934 119 3989 61
138 3929 295 3989 Pilumnus
316 3949 350 3989 ac
370 3929 547 3991 Volumnus.

167 4025 240 4090 Nec
260 4031 405 4106 particula
418 4048 471 4107 pro
485 4049 528 4090 ne
544 4063 581 4074 —
596 4023 738 4109 quidem
751 4032 849 4108 posita
868 4035 967 4091 exstat
987 4034 1034 4093 20.
1055 4033 1083 4092 4.
1105 4033 1175 4110 quia
1195 4033 1260 4092 fieri

88 4145 149 4188 non
169 4133 306 4206 possunt,
327 4130 394 4188 ideo
414 4147 471 4189 nec
490 4130 567 4189 facta
588 4135 666 4189 sunt.
688 4130 781 4190 283.
803 4148 859 4189 nos
879 4134 990 4206 tamen,
1011 4149 1080 4190 cum
1101 4133 1260 4208 sacrilegos

89 4227 203 4306 aliquos
229 4232 259 4288 et
282 4228 423 4304 incestos,
449 4228 610 4306 parricidas
635 4230 725 4290 etiam
745 4229 945 4291 defendendos
966 4235 997 4294 ct
1017 4232 1144 4294 tuendos
1166 4233 1259 4293 susci·
