3004 4948
817 223 834 281 8

321 403 510 466 substantiva
539 405 720 466 deminutiva
750 409 820 466 sunt
844 407 929 468 haec:
971 406 1114 480 aedicula,
1146 405 1271 484 capella,
1297 404 1427 466 cellula.

242 505 356 578 fabella,
382 505 561 579 muliercula,
590 506 686 580 offula,
712 506 851 582 palmula,
877 507 1023 584 terricula,
1048 507 1231 580 tirunculus'
1245 507 1426 566 vasculum.

323 630 435 704 Quibus
455 632 529 690 adde
549 632 757 692 notaculum
778 633 836 706 (31.
859 634 899 708 8.)
920 634 999 709 quod
1019 633 1193 691 vocabulum
1214 634 1293 708 apud
1315 633 1428 691 solum

242 729 406 788 Minucium
431 732 557 790 occurrit
583 732 744 790 secundum
764 732 885 792 Forcell.
907 735 958 790 tot.
980 732 1029 790 lat.
1050 733 1109 792 lex.
1150 732 1232 790 Idem
1253 732 1429 790 dicendum

242 832 288 888 est
308 829 344 888 de
364 831 461 889 vocab.
483 831 681 907 procupido
703 832 761 906 (26.
785 832 841 906 12).

321 945 472 1006 Vocabula
497 966 572 1024 quae
595 949 715 1007 notione
740 951 852 1006 mutata
880 967 897 1006 a
921 947 1051 1007 Minucio
1076 948 1206 1007 adhibita
1231 951 1315 1022 sunt,
1340 948 1428 1006 haec

243 1045 372 1104 enotavi:

322 1161 447 1220 adfectio
466 1181 595 1221 =amor
617 1162 643 1220 1.
666 1163 692 1220 1.
714 1163 818 1222 civitas
843 1187 878 1207 =
898 1164 969 1222 urbs
990 1164 1017 1222 2.
1039 1165 1072 1240 3;
1094 1165 1121 1222 3.
1143 1165 1172 1224 2.
1193 1164 1271 1222 orbis
1292 1165 1425 1240 provin-

243 1260 288 1318 cia
312 1283 345 1303 =
368 1261 447 1319 orbis
467 1264 610 1320 terrarum
630 1263 677 1320 32.
700 1265 725 1321 7.
747 1263 901 1338 transfuga
921 1262 1095 1338 disciplinae
1110 1286 1145 1306 =
1161 1262 1294 1322 desertor
1315 1263 1363 1324 33.
1393 1266 1425 1321 5.

243 1359 338 1418 virtus
368 1359 415 1418 dei
440 1383 481 1402 ==
506 1361 638 1436 potentia
667 1362 713 1420 32.
739 1362 766 1420 4.
798 1380 947 1422 sermones
977 1385 1021 1404 =
1050 1363 1138 1421 verba
1169 1363 1196 1422 2.
1224 1363 1250 1420 2.
1282 1363 1424 1421 iaculum

244 1463 353 1538 (Wurf)
375 1467 400 1526 3.
423 1467 449 1524 6.
471 1465 600 1542 impetus
614 1461 829 1543 (Wichtigkeit)
850 1471 877 1530 8.
900 1472 928 1529 3.
949 1470 1095 1529 industria
1115 1467 1292 1544 (Wahrbeit)
1313 1467 1363 1525 211.
1392 1465 1423 1521 7.

244 1563 434 1640 (quamquam
448 1561 525 1623 inter
538 1565 631 1622 multa
644 1566 795 1625 mendacia
814 1567 908 1626 videri
930 1569 1026 1646 possit
1046 1568 1223 1626 industriam
1244 1565 1423 1625 1111111111-

244 1663 323 1718 tatus
345 1679 370 1721 e.
392 1681 420 1738 q.
443 1662 802 1739 111111111111111111111)
825 1668 871 1726 17.
894 1668 922 1727 5.
943 1684 1052 1725 munus
1078 1665 1299 1742 (Wohlwollen)
1321 1665 1369 1722 21.
1395 1666 1421 1723 l.

246 1759 394 1818 sacculum
415 1760 517 1834 (Welt)
539 1761 586 1819 34.
610 1763 654 1819 12.
676 1762 824 1822 vindemia
845 1765 945 1839 (Bebe)
968 1765 994 1822 5.
1018 1765 1063 1822 13.

323 1875 404 1936 Haec
432 1878 470 1936 ad
497 1878 746 1955 lexicographiam
773 1883 1024 1942 substantivorum
1049 1881 1228 1958 pertinentia
1254 1881 1419 1941 sufficiant.

245 1994 423 2052 quamquam
443 1977 645 2053 exemplorum
666 1982 750 2056 copia
770 1983 903 2041 nondum
923 1983 1067 2042 exhausta
1087 1985 1140 2039 est.

336 2106 382 2168 Dc
406 2105 581 2168 adlectivis.
629 2108 713 2182 Quod
731 2111 767 2177 ad
789 2108 1342 2180 111111111111111111111,1111111111
1365 2106 1419 2162 (la-

244 2209 299 2267 tivi
321 2209 479 2284 singularis
500 2191 601 2267 adiect.
623 2212 721 2266 totus
742 2209 906 2266 monendus
927 2212 981 2268 est.
1003 2207 1126 2282 Legitur
1146 2207 1225 2264 enim
1247 2207 1418 2262 1111111

246 2325 299 2382 pro
323 2307 388 2367 toti.
414 2305 477 2380 Qua
502 2304 539 2366 de
564 2325 596 2365 re
621 2306 825 2364 disseruerunt
849 2305 949 2364 Herm.
971 2305 1156 2364 Roenschius
1177 2303 1196 2360 l.
1218 2321 1242 2360 c.
1265 2321 1329 2378 pag.
1354 2304 1416 2360 276

247 2407 276 2462 11
297 2403 330 2463 O.
351 2404 527 2480 Reblingius
547 2405 566 2462 l.
588 2423 613 2465 c.
635 2424 700 2481 pag.
724 2403 769 2462 15.
1476 2379 1477 2410 ¹

327 2519 526 2597 Comparativi
536 2521 663 2588 rariores
678 2525 835 2580 occurrunt
848 2520 928 2596 apud
941 2520 1118 2578 Minucium:
1133 2517 1305 2593 flagrantius
1320 2519 1370 2576 23.
1386 2518 1416 2576 4.

247 2619 390 2696 prolixior
414 2619 582 2696 (prolixius)
610 2620 655 2679 17.
678 2623 704 2679 6.
736 2621 782 2678 37.
806 2620 852 2679 12.
883 2619 930 2677 40.
953 2621 981 2678 3.
1012 2617 1177 2694 proximius
1202 2635 1219 2674 a
1244 2615 1417 2690 proximum
1476 2609 1477 2622 ¹

249 2719 294 2778 19.
317 2721 343 2777 a.
373 2717 483 2778 narem
512 2716 1169 2793 111111111111111111111111111.
1198 2715 1263 2774 roe.
1294 2714 1337 2774 11
1367 2715 1415 2788 (er.
1476 2677 1477 2768 l

248 2817 354 2892 Draeg.
387 2835 431 2892 gr.
460 2816 530 2874 hist.
561 2815 576 2874 Ι
607 2834 672 2891 pag.
702 2818 751 2877 43.
782 2821 811 2874 11
841 2815 1002 2874 Roenschii
1032 2813 1306 2873 commentationem
1337 2812 1359 2872 l.
1391 2831 1416 2869 c.

248 2933 314 2995 pag.
336 2915 414 2983 278.)

1476 2951 1477 2990 l

328 3031 364 3090 Id
378 3048 495 3108 quoque
504 3030 635 3090 hocloco
655 3031 885 3089 commemorabo
905 3029 1075 3101 aMinucio,
1089 3032 1123 3085 ut
1137 3029 1175 3085 ab.
1186 3025 1252 3088 aliis
1266 3028 1418 3086 Africanis

251 3129 450 3206 scriptoribus
477 3130 595 3207 saepius
621 3130 851 3206 comparativum
875 3129 922 3188 vel
948 3129 1162 3204 superlativum
1187 3127 1338 3203 usurpari,
1365 3128 1417 3184 ubi
1476 3153 1477 3182 ι

250 3229 412 3306 positivum
432 3234 596 3305 exspectes,
618 3233 668 3286 aut
689 3228 920 3304 comparativum
942 3227 1120 3302 superlativo
1141 3225 1312 3301 permutari.
1354 3225 1418 3284 Nec
1476 3263 1477 3302 p

251 3324 448 3405 praetermisit
468 3327 554 3385 illum
574 3345 663 3385 usum
689 3325 719 3384 Ο.
746 3325 824 3384 Sittl.
846 3325 866 3382 l.
892 3343 915 3383 c.
943 3343 1009 3400 pag.
1038 3325 1094 3384 100
1122 3343 1166 3400 sq.
1211 3324 1284 3382 »Der
1308 3323 1417 3382 Ueber-
1476 3317 1477 3392 s

252 3425 516 3500 schwtnglichkeit
529 3425 581 3484 des
595 3423 814 3482 afrilranischen
829 3422 1087 3498 Temperamentes
1108 3423 1224 3480 mdchte
1244 3422 1292 3480 ich
1313 3439 1346 3480 es
1367 3439 1417 3478 zu·
1476 3493 1477 3496 Ἴ

252 3523 413 3600 schreiben,
435 3523 503 3581 dass
518 3523 568 3580 die
581 3522 761 3596 Abndtrung
781 3521 833 3579 der
847 3510 1128 3596 Steiger'ungsgrade
1142 3521 1235 3580 schon
1248 3520 1316 3578 frdh
1330 3519 1418 3578 einen

251 3623 350 3680 hohen
365 3620 441 3680 (irad
457 3620 607 3678 erreichte.
649 3619 704 3676 Die
717 3619 874 3676 Afrikaner
888 3636 985 3677 waren
1001 3619 1094 3676 durch
1115 3618 1173 3676 den
1193 3617 1417 3676 tibertriebcnen

252 3719 404 3779 (lebrauch
432 3719 485 3776 des
511 3717 733 3792 Comparativus
763 3717 824 3774 und
850 3714 1055 3792 Superlativus
1085 3716 1117 3773 in
1143 3713 1166 3776 F
1169 3715 1259 3788 11111,
1289 3732 1336 3772 wo
1366 3715 1418 3773 der
1476 3735 1477 3740 ¹

252 3817 402 3877 Positivus
423 3819 534 3892 geniigt
553 3816 643 3888 111111,
664 3815 802 3875 bekannt.
843 3815 898 3874 Dic
912 3815 1158 3889 Abschwtchung
1179 3815 1231 3872 der
1252 3812 1417 3872 (tradebat

253 3915 448 3975 andererseits
479 3931 530 3970 zur
554 3913 657 3988 Folge,
687 3913 756 3972 dass
785 3913 833 3972 die
857 3911 1165 3991 Zusammenstellung
1195 3911 1418 3970 verschiedener

254 4013 350 4073 Grada
369 4012 453 4070 nicht
473 4012 557 4070 mehr
577 4011 828 4086 unsymmetrisch
849 4011 1020 4071 erscheint.«
1060 4009 1141 4070 Haec
1161 4009 1296 4085 exempla
1316 4009 1414 4068 affero:

255 4114 282 4171 8.
306 4111 334 4169 4.
366 4109 596 4186 imperitioribus
626 4112 655 4167 et
680 4108 853 4168 mulieribus
884 4109 1011 4168 credulis
1038 4108 1066 4168 9.
1099 4110 1125 4169 1.
1151 4107 1292 4184 nequiora
1318 4106 1364 4166 14.
1390 4109 1414 4164 2.

255 4209 372 4293 plenius
399 4210 444 4268 19.
472 4211 499 4270 2.
521 4207 662 4286 apertius,
684 4207 857 4284 proximius,
878 4207 977 4268 verius
999 4207 1047 4270 20.
1070 4209 1095 4266 1.
1118 4205 1242 4282 exposui
1263 4201 1415 4282 opiniones
