3004 4948
663 259 697 311 33

173 444 255 501 Inter
268 438 428 516 particulas
442 437 681 513 interrogationis
701 435 862 494 indirectae
883 437 1115 496 commemorabo
1136 441 1267 496 utrum-

90 560 137 601 ne
158 575 196 585 -
217 559 261 598 an
283 539 329 596 11.
353 540 388 610 7.,
410 537 447 596 de
468 555 527 612 qua
546 536 633 594 verba
654 535 725 597 facit
746 535 910 610 Draegerus
931 535 963 592 in
985 553 1007 594 s.
1030 534 1096 594 Tac.
1119 539 1134 609 ξ
1158 537 1224 596 153.
1239 540 1267 600 3.

172 639 217 698 Ut
242 623 304 696 sive
329 656 433 714 quam
458 655 496 696 ex
521 637 617 722 verbis
644 635 790 694 sentiendi
817 639 847 694 et
871 635 1041 694 declarandi
1067 637 1199 713 pendent
1219 639 1268 698 his

91 739 180 798 locis:
204 738 252 812 (cf.
267 737 373 812 Draeg.
399 735 419 796 1.
446 754 470 794 c.
499 738 566 797 153.
593 735 636 809 4.)
664 736 711 794 12.
738 735 765 796 1.
791 752 846 793 111
872 735 976 793 saltem
1001 735 1038 794 de
1063 737 1269 812 praesentibus

90 836 200 912 capitis
230 835 479 910 experimentum,
510 851 599 910 quam
627 851 682 891 nos
713 833 819 890 inritae
844 833 1068 908 pollicitationis
1094 853 1178 894 cassa
1201 840 1270 894 vota

93 934 256 1010 decipiant!
303 935 390 994 17.5.
410 933 528 991 videet
548 951 659 990 annum
680 937 714 990 111
735 931 807 991 solis
828 933 956 992 ambitus
977 933 1065 991 faciat
1086 937 1116 992 et
1136 952 1269 994 mensem

92 1033 162 1092 ride
176 1038 210 1090 ut
223 1032 295 1090 luna
308 1037 398 1090 auctu
419 1075 428 1093 .
450 1075 458 1091 .
480 1075 488 1092 .
510 1031 695 1106 circumagat
738 1030 785 1088 17.
800 1030 827 1090 5.
842 1031 957 1090 caelum
972 1031 1073 1107 ipsum
1092 1031 1161 1091 vide
1182 1051 1271 1109 quam

93 1130 156 1188 1111
168 1130 309 1203 tenditur,
331 1148 420 1206 quam
434 1129 537 1204 rapide
551 1129 680 1188 volvitur
715 1128 761 1188 17.
778 1131 804 1191 9.
820 1129 966 1205 quidquid
979 1130 1115 1188 arborum
1129 1135 1176 1190 111
1193 1131 1270 1206 vide,

94 1248 186 1305 quam
200 1248 217 1288 e
230 1234 324 1287 terrae
337 1218 502 1286 visceribus
516 1228 671 1286 animatur.
712 1228 850 1305 Denique
856 1229 923 1286 Ι11111
943 1228 1072 1304 pertinet
1092 1229 1202 1288 locutio
1219 1231 1272 1288 illa

96 1345 172 1403 qnae
193 1325 416 1402 interrogationi
430 1326 590 1384 indirectae
605 1325 713 1385 similis
732 1331 787 1400 est,
808 1327 857 1401 (of.
874 1325 978 1402 Draeg.
992 1327 1011 1385 1.
1026 1344 1052 1388 o.
1069 1331 1083 1401 ᾖ
1102 1328 1169 1404 154)
1190 1329 1270 1406 »plu-

94 1426 207 1483 rimum
229 1430 398 1502 quantum«
423 1423 476 1482 Bis
497 1424 576 1500 apud
600 1423 765 1482 Minucium
789 1428 887 1483 exstat
913 1426 960 1487 23.
988 1425 1186 1488 1.1140.1.

187 1545 233 1607 De
258 1545 433 1607 enuntiatis
458 1542 655 1606 attributivis
678 1566 770 1624 pauca
790 1548 978 1606 memoranda
997 1553 1075 1608 sunt.
1097 1550 1271 1610 Promiscue

93 1649 127 1707 in
141 1649 204 1708 illis
220 1654 250 1708 et
264 1649 485 1708 coniunctivum
499 1652 529 1709 et
542 1647 735 1706 indicativum
748 1648 863 1719 variari,
885 1649 958 1706 haec
978 1647 1103 1708 doceant
1116 1651 1269 1727 exempla:

97 1748 144 1806 14.
161 1751 186 1807 7.
202 1749 276 1806 mira
290 1748 446 1821 subtilitas,
468 1764 544 1823 quae
558 1764 781 1822 nonnumquam
801 1747 934 1806 ubertate
954 1745 1071 1806 dicendi
1092 1747 1181 1808 fidem
1202 1769 1271 1810 con-

95 1847 193 1906 fessae
207 1847 388 1923 probationis
408 1846 548 1904 imitetur.
592 1845 638 1904 17.
654 1848 682 1905 3.
698 1845 843 1929 sacrilegii
864 1845 944 1903 enim
965 1846 1014 1904 vel
1034 1848 1157 1906 maximi
1177 1850 1273 1908 instar

96 1951 144 2006 est
157 1947 241 2004 humi
255 1964 402 2024 quaerere,
425 1945 548 2022 quodin
564 1945 684 2002 sublimi
698 1945 804 2003 debeas
819 1943 962 2005 invenire.
1005 1947 1050 2005 18.
1074 1950 1102 2008 7.
1124 1949 1176 2024 qui
1197 1951 1273 2008 nati-

94 2047 220 2106 vitatem
235 2046 372 2103 omnibus
388 2047 525 2120 praestet,
540 2043 597 2102 sibi
611 2043 848 2122 perpetuitatem,
868 2044 1002 2120 quiante
1016 2045 1161 2104 mundum
1176 2048 1272 2122 fuerit,

96 2146 155 2204 sibi
182 2146 248 2221 ipse
273 2162 326 2222 pro
351 2143 483 2219 mundo„
498 2142 550 2218 qui
574 2142 713 2201 universa
738 2160 942 2219 quaecumque
968 2147 1046 2218 sunt,
1072 2146 1161 2204 verbo
1182 2146 1272 2220 iubet,

96 2244 213 2302 ratione
233 2243 396 2318 dispensat,
421 2241 531 2299 virtute
557 2246 749 2299 consummat.
792 2239 839 2298 34.
863 2241 911 2301 10.
936 2259 1022 2317 porro
1048 2243 1201 2304 difficilius
1228 2253 1275 2306 est

98 2342 131 2398 id
156 2341 235 2416 quod
259 2359 320 2398 non
346 2340 385 2398 sit
410 2339 540 2415 incipere
565 2357 654 2416 qnam
679 2339 710 2398 id
735 2339 815 2415 qnod
840 2339 931 2398 fuerit
956 2340 1069 2400 iterare.
1116 2343 1162 2402 36.
1189 2347 1218 2407 4.
1245 2351 1275 2405 11

99 2447 200 2497 tamen
221 2439 273 2515 qui
293 2443 392 2514 potest
412 2457 524 2514 pauper
545 2456 623 2512 esse,
650 2439 701 2515 qui
722 2457 783 2496 non
803 2443 878 2513 eget,
901 2439 952 2515 qui
973 2458 1033 2498 non
1054 2441 1149 2501 inhiat
1169 2445 1274 2520 alieno,

99 2539 153 2615 qui
167 2539 220 2596 deo
235 2538 318 2595 dives
332 2537 396 2594 est?
438 2535 1021 2613 311111111111111111111111
1062 2543 1109 2600 40.
1126 2543 1152 2600 2.
1174 2543 1274 2621 itaque

100 2638 181 2714 quod
201 2639 348 2714 pertineat
368 2638 405 2695 ad
426 2655 572 2696 summam
594 2637 785 2714 quaestionis

193 2757 239 2820 De
263 2758 433 2819 enuntiatis
458 2756 703 2838 temporalibus.

182 2861 266 2920 Cum
287 2862 466 2920 insolentius
487 2863 678 2921 coniunctum
699 2865 745 2920 est
766 2879 834 2920 111111
854 2864 985 2938 perfecto
1006 2864 1166 2924 indicativi.
1199 2867 1225 2926 3.
1248 2871 1274 2928 5.

100 2961 223 3020 eumad
246 2960 276 3017 id
297 2960 355 3018 loci
376 2966 497 3018 ventum
519 2967 573 3034 est,
595 3007 601 3019 .
625 3007 631 3019 .
653 3006 660 3018 .
682 2978 789 3036 pueros
810 2961 939 3019 triclinius
961 2962 1093 3022 certatim
1114 2966 1276 3039 gestientes

47 3109 49 3115 .
100 3063 246 3117 testarum
268 3058 299 3116 in
321 3077 401 3117 mare
422 3059 647 3117 incidationibns
668 3059 779 3119 ludere.

182 3157 270 3214 Dnm
284 3157 393 3214 causali
403 3157 433 3214 vi
443 3157 503 3214 iarn
513 3157 591 3232 apud
603 3157 776 3220 Ciceronem
786 3155 928 3234 iungitur,
941 3159 993 3217 sed
1003 3161 1123 3220 nonnisi
1134 3169 1277 3242 sequente

101 3261 234 3332 ternpore
259 3255 403 3332 perfecto;
430 3275 570 3332 praesens
596 3257 710 3332 primus
737 3255 860 3316 Ovidius
886 3259 1030 3317 adiunxit.
1055 3260 1102 3334 (cf.
1125 3261 1230 3343 Draeg.
1253 3285 1276 3327 1.

102 3354 134 3412 Τ.
159 3359 173 3426 ξ
198 3356 256 3414 168
277 3353 420 3429 etEgen.
441 3355 459 3412 l.
481 3374 506 3415 c.
528 3373 594 3431 pag.
617 3355 676 3428 29.)
717 3355 861 3432 Exempla
881 3346 1050 3416 Minuciano
1072 3363 1156 3420 sunt:
1199 3367 1227 3423 6·
1249 3368 1275 3426 2.

103 3453 147 3511 sic
167 3453 325 3528 imperium
347 3471 434 3510 suurn
455 3454 534 3512 ultra
555 3454 627 3512 solis
654 3455 717 3512 vias
743 3459 772 3512 et
792 3455 889 3530 ipsius
911 3455 1019 3515 Oceani
1039 3458 1151 3517 limites
1172 3481 1278 3540 propa-

102 3552 193 3625 gavit,
216 3552 287 3609 dum
300 3558 440 3612 exercent
454 3553 486 3611 11
500 3554 590 3612 armis
604 3555 744 3613 virtutem
763 3555 942 3630 religiosam,
964 3556 1035 3615 dnm
1056 3563 1159 3620 urbem
1180 3565 1277 3622 mnni-

104 3653 160 3707 unt
174 3668 324 3712 sacrorum
338 3651 539 3726 religionibus
560 3654 650 3712 castis
665 3654 830 3730 virginibus
852 3700 976 3730 .....
998 3657 1068 3715 dnm
1090 3704 1096 3717 .
1119 3705 1126 3717 .
1149 3700 1156 3713 .
1177 3662 1279 3720 colunt

104 3749 221 3836 deos-e.
237 3769 264 3826 q.
281 3768 303 3807 1.
351 3751 376 3808 b.
398 3754 424 3809 3.
447 3751 490 3809 sic
515 3752 586 3810 dum
612 3753 818 3812 universarum
842 3755 977 3829 gentium
999 3774 1080 3815 sacra
1101 3760 1277 3838 suscipiunt,

104 3848 194 3905 etiarn
214 3867 305 3923 regna
318 3855 498 3910 meruerunt.
543 3853 697 3928 1441111
718 3853 790 3911 dum
810 3856 965 3913 verborum
985 3855 1133 3915 lenocinio
1148 3877 1165 3916 a
1178 3878 1279 3920 rerum

104 3945 320 4006 intentionibus
350 3953 522 4023 avocantur,
554 3951 618 4010 sine
648 3952 758 4010 dilectu
787 3954 995 4013 adsentiuntur
1019 3957 1107 4016 dictis
1133 3959 1278 4018 omnibus.

106 4045 154 4106 20.
169 4045 196 4103 5.
211 4064 279 4121 erga
293 4047 363 4107 deos
378 4067 495 4125 quoque
509 4051 634 4110 maiores
652 4053 747 4112 nostri
768 4098 776 4114 .
798 4099 804 4111 .
827 4100 833 4112 .
855 4100 863 4115 .
886 4055 1079 4132 crediderunt,
1103 4056 1174 4115 dum
1193 4076 1279 4133 reges

107 4161 177 4202 suos
207 4145 309 4203 colunt
333 4147 483 4224 religiose,
515 4149 586 4208 dum
608 4150 763 4210 defunctos
784 4171 834 4212 eos
858 4154 1026 4213 desiderant
1046 4155 1079 4212 in
1099 4156 1278 4232 imaginibus

105 4243 218 4319 1111111,
244 4244 315 4304 dum
339 4247 471 4322 gestiunt
497 4266 598 4308 eorum
624 4251 781 4311 memorias
806 4251 838 4310 in
865 4252 971 4312 statuis
997 4253 1139 4317 detinere.
1182 4256 1229 4318 24.
1252 4255 1279 4314 2.
1321 4302 1325 4308 .
