3004 4948
817 285 852 342 30

250 464 310 528 cfr.
335 467 380 530 18.
400 469 429 527 8.
444 470 474 526 et
493 463 560 525 ideo
582 466 714 525 siceum
735 465 824 542 digne
843 466 1035 525 aestimamus
1058 465 1104 526 19.
1121 465 1159 523 13
1181 469 1211 528 et
1230 463 1441 545 ideoquaeri

249 583 310 624 non
331 570 465 641 oportere
490 567 537 626 21.
562 566 606 627 11.
627 565 751 623 enideo
772 565 899 624 cessavit
919 565 977 624 ista
997 567 1154 642 generatio,
1176 567 1315 643 quoniam
1336 563 1442 625 nulle

249 662 419 724 huiusmodi
439 665 547 723 fabulis
567 665 722 741 praebetur
741 663 898 722 adsensio?
939 663 986 722 23.
1001 665 1027 722 2.
1043 669 1073 726 et
1086 664 1169 724 Plato
1183 665 1249 724 ideo
1270 664 1442 742 praeclare

248 762 412 823 Homerum
437 807 444 820 .
466 808 472 821 .
495 808 501 820 .
524 807 531 824 .
557 763 594 821 de
618 761 736 820 civitate
762 806 827 822 ...
853 761 946 820 eiecit.
982 762 1028 819 26.
1051 763 1078 822 2.
1104 762 1226 822 Clodius
1252 763 1369 822 scilicet
1403 765 1442 820 et

250 860 414 922 Flaminius
435 865 465 922 et
490 861 594 919 limine
616 861 682 920 ideo
708 861 855 920 exercitus
880 860 1085 936 perdiderunt,
1111 860 1198 938 quod.
1225 863 1271 921 27.
1297 863 1324 921 8.
1353 860 1441 918 ideo

248 960 353 1019 inserti
381 960 530 1020 mentibus
559 959 766 1036 imperitorum
795 959 896 1018 odium
920 959 1015 1018 nostri
1041 963 1151 1018 serunt.
1178 961 1225 1018 35.
1251 960 1269 1018 2
1296 962 1325 1018 et
1354 958 1439 1017 ideo

248 1059 326 1135 apud
341 1076 391 1116 eos
411 1059 500 1117 etiam
520 1058 586 1134 ipse
605 1076 660 1116 rex
673 1058 813 1134 luppiter
835 1102 958 1120 .....
979 1058 1059 1120 iurat
1079 1058 1126 1118 36.
1149 1059 1174 1117 1.
1197 1063 1227 1117 et
1246 1057 1311 1116 ideo
1330 1059 1438 1116 actus

246 1158 386 1230 hominis,
406 1175 467 1215 non
487 1155 617 1232 dignitas
637 1156 791 1215 iudicatur.

325 1273 494 1346 Proinde,
515 1273 595 1349 quod
608 1273 687 1348 apud
700 1272 844 1349 plurimos
862 1272 1021 1349 scriptores
1041 1273 1074 1331 in
1094 1273 1350 1333 adhortationibus
1376 1275 1438 1334 vel

245 1391 313 1431 cum
333 1371 524 1431 coniunctiuo
544 1370 593 1430 vel
613 1389 682 1430 cum
701 1371 878 1447 imperativo
898 1375 1066 1447 usurpatur,
1087 1372 1167 1448 apud
1186 1371 1353 1431 Minucium
1369 1373 1436 1432 Fe-

245 1471 334 1529 licem
347 1488 407 1528 uno
421 1469 486 1528 loeo
507 1487 575 1531 cum
596 1468 759 1530 indicativo
779 1469 971 1528 coniunctum
991 1473 1090 1528 exstat
1109 1469 1248 1547 idemque
1269 1471 1436 1546 significat

245 1569 324 1646 quod
348 1568 478 1644 itaque.
525 1568 573 1644 (cf.
598 1567 704 1643 Draeg.
731 1585 754 1626 s.
779 1567 808 1625 h.
833 1563 865 1626 H
892 1567 949 1629 188
976 1571 1032 1645 sq.)
1053 1567 1081 1624 5.
1101 1567 1129 1627 2.
1150 1567 1273 1644 proinde
1293 1569 1320 1627 si
1340 1571 1434 1628 mihi

244 1666 329 1742 quasi
347 1684 442 1752 nopus
461 1665 553 1751 aliqui
567 1669 597 1724 et
611 1667 696 1745 quasi
709 1666 832 1744 ignarus
846 1665 939 1741 partis
953 1665 1109 1742 utriusque
1130 1665 1277 1741 considas,
1297 1667 1434 1727 nullum

243 1764 396 1840 negotium
421 1767 467 1824 est
491 1765 654 1841 patefacere
680 1763 738 1822 Sed
763 1764 800 1822 ci.
827 1765 873 1824 12.
896 1766 923 1825 7.
950 1764 1074 1840 proinde
1100 1809 1106 1822 .
1129 1809 1136 1822 .
1158 1809 1165 1823 .
1191 1764 1318 1824 desinite
1340 1767 1433 1826 caeli

243 1862 345 1938 plagas
360 1867 390 1922 et
403 1863 508 1920 mundi
520 1863 580 1920 fata
593 1866 623 1922 ct
646 1866 757 1922 secreta
776 1863 886 1925 rimari
908 1864 955 1922 38.
976 1865 994 1922 5
1016 1863 1139 1939 proinde
1160 1863 1294 1923 Socrates
1316 1882 1433 1924 scurra

243 1961 361 2020 Atticus
381 1961 496 2020 viderit.

334 2081 381 2144 De
411 2081 578 2162 asyndero.
618 2087 685 2147 Fltsi
713 2089 794 2148 varia
822 2089 959 2164 asyndeti
988 2106 1099 2166 genera
1127 2090 1205 2167 apud
1235 2090 1430 2168 Ciceronem,

244 2183 429 2259 Sallustium,
449 2185 578 2260 Livium,
600 2186 744 2260 Tacitum,
766 2188 841 2249 alios
855 2188 1014 2265 scriptores
1028 2189 1195 2266 frequentia
1216 2199 1294 2263 sunt,
1315 2193 1431 2250 temen

243 2282 392 2342 Minucius
412 2283 497 2342 Felix
515 2284 572 2343 hoc
587 2285 735 2344 scribendi
755 2303 851 2361 genus
871 2287 944 2346 adeo
965 2287 1106 2362 exercuit,
1126 2291 1161 2345 ut
1181 2287 1213 2344 in
1234 2286 1338 2364 quavis
1353 2287 1431 2348 fere

243 2381 350 2456 pagina
365 2381 474 2458 dialogi
488 2382 631 2456 asyndeta
645 2383 788 2459 legantur.
825 2381 1034 2446 cumulatione
1053 2385 1133 2444 enim
1154 2385 1429 2460 substantivorum,

242 2479 461 2556 adiectivorum‚
486 2482 642 2540 verborum
666 2481 781 2541 animos
805 2482 969 2558 legentium
993 2483 1112 2542 allicere
1137 2483 1247 2544 studet.
1291 2484 1336 2542 Ac
1363 2501 1428 2560 po-

242 2577 393 2637 tissimum
409 2579 509 2655 plures
519 2598 606 2639 voces
616 2580 753 2642 eiusdem
763 2581 988 2656 significationis
999 2579 1172 2658 ἇσυνδέτως
1182 2580 1320 2660 copulare
1330 2581 1426 2641 80161-

262 2709 265 2714 ’
321 2705 469 2779 Asyndeti
493 2707 618 2765 formam
647 2708 683 2766 ab
708 2724 743 2766 eo
768 2707 801 2765 in
826 2707 941 2767 deliciis
966 2707 1067 2766 haberi
1092 2707 1253 2766 ostendunt
1277 2707 1426 2783 exempla

242 2803 327 2865 haec:
349 2807 379 2879 a)
394 2805 516 2865 nomina
529 2806 713 2866 substantiva
734 2807 761 2864 2.
778 2807 803 2864 1.
817 2805 921 2866 relicta
941 2805 1035 2879 domo,
1057 2805 1191 2881 coniuge,
1211 2805 1321 2865 liberis.
1342 2807 1373 2864 8.
1393 2809 1423 2866 6.

242 2902 353 2978 liberis,
376 2905 534 2979 sororibus,
554 2905 706 2966 matribus.
730 2905 777 2965 12.
799 2905 827 2966 4.
848 2904 954 2979 minae,
977 2904 1131 2981 supplicia,
1152 2908 1297 2963 tormenta
1318 2903 1365 2963 16.
1389 2903 1422 2964 5.

242 3001 357 3076 aetatis,
380 3020 479 3076 sexus,
500 3002 655 3078 dignitatis
678 3002 723 3060 18.
743 3003 771 3060 4.
785 3002 1011 3078 providentiam,
1032 3001 1175 3076 ordinem,
1195 3001 1301 3077 legem.
1324 3002 1419 3062 21.1.

242 3099 367 3174 natales,
397 3099 521 3176 patrias,
552 3099 689 3176 sepulcra
713 3100 810 3162 241.
836 3117 944 3174 mures,
970 3099 1157 3173 hirundines,
1183 3097 1271 3158 milui
1295 3101 1343 3159 37.
1368 3101 1418 3158 12.

243 3201 354 3274 stupra,
381 3197 519 3275 suspiria,
546 3198 613 3256 odia
636 3198 668 3274 b)
689 3198 841 3258 adiectiva.
862 3201 890 3258 4.
914 3200 939 3258 1.
961 3202 1071 3272 tacens,
1092 3197 1209 3271 aurine,
1231 3200 1416 3272 segregatus.

242 3295 268 3353 5.
285 3298 311 3356 2.
327 3295 422 3373 dubia,
445 3297 566 3371 incerta,
588 3314 740 3372 suspensa
762 3299 790 3357 5.
805 3297 832 3356 4.
855 3297 1020 3356 studiorum
1039 3296 1138 3370 rudes,
1158 3295 1325 3354 litterarum
1345 3314 1416 3372 pro-

240 3393 334 3468 fanos,
347 3399 484 3470 expertes
497 3395 616 3455 artium.
641 3396 687 3456 10.
702 3395 728 3453 3.
742 3395 858 3469 unicus,
880 3394 1038 3469 solitarius,
1060 3393 1220 3452 destitutus
1243 3393 1288 3450 12.
1305 3395 1331 3454 6.
1346 3394 1412 3470 pal-
1499 3459 1500 3476 ,

240 3489 303 3566 uu,
328 3493 446 3568 trepidi,
476 3493 676 3556 misericordia
700 3493 784 3570 digni
830 3493 877 3552 12.
899 3495 925 3552 7.
946 3492 1083 3567 indoctis,
1104 3491 1257 3568 impolitis,
1278 3491 1414 3565 ruribus,
1499 3477 1500 3510 .

240 3591 417 3666 agrestibus
441 3591 486 3651 16.
505 3595 699 3665 terrentem,
719 3609 832 3668 vagam,
853 3591 1006 3650 lubricam.
1029 3591 1076 3652 16.
1097 3589 1124 3648 5.
1145 3589 1319 3664 inliteratoS,
1341 3608 1415 3666 peu-

240 3706 336 3765 peres,
357 3689 511 3767 imperitos
537 3691 582 3750 16.
598 3688 625 3747 5.
640 3689 779 3766 plebeios
800 3689 944 3764 indoctos,
966 3688 1145 3749 seminudos
1168 3689 1215 3747 19.
1230 3688 1258 3748 2.
1273 3685 1414 3763 apertius,

240 3787 415 3864 proximius,
436 3787 535 3847 verius
556 3787 603 3846 20.
618 3789 646 3848 5.
660 3787 827 3864 improvidi,
846 3788 967 3849 creduli.
995 3789 1042 3846 25.
1057 3788 1084 3845 2.
1103 3786 1220 3863 perditi,
1245 3785 1413 3860 facinerosi,

240 3887 347 3946 incesti
372 3887 419 3947 26.
443 3887 653 3961 1111111101,
678 3904 778 3962 vagos
803 3885 997 3945 humanitatis
1017 3885 1162 3944 inimicos.
1189 3884 1238 3945 38.
1259 3888 1287 3946 4.
1309 3883 1413 3961 quieti,

240 3985 376 4059 modesti,
398 3986 494 4045 securi
519 3988 546 4061 c)
566 3987 724 4046 verborum
744 3986 934 4061 coordinatio,
955 4003 1031 4062 quae
1051 4003 1069 4044 a
1089 3984 1195 4044 ceteris
1217 3983 1413 4061 scriptoribus

239 4085 335 4144 rarius
362 4084 525 4159 adhibetur,
550 4084 630 4162 apud
653 4088 790 4143 nostrum
814 4083 1056 4162 frequentissime
1076 4086 1122 4141 est
1142 4083 1189 4160 (cf.
1211 4082 1315 4158 Draeg.
1337 4100 1360 4141 a.
1382 4084 1412 4143 h.
1498 4171 1499 4178 ἵ

239 4182 271 4241 Π
291 4201 358 4260 pag.
381 4182 459 4260 198.)
480 4185 508 4242 5.
524 4185 552 4245 7.
567 4182 680 4259 coalita,
701 4183 825 4260 digesta,
846 4184 970 4243 formata
991 4181 1017 4240 5.
1033 4181 1062 4242 8.
1076 4180 1216 4253 nascitur,
1238 4179 1412 4258 inspiratur,

239 4280 380 4342 attolitur.
401 4285 427 4341 5.
450 4284 477 4342 8.
499 4281 650 4358 dividitur,
672 4282 806 4360 solvitur,
827 4281 990 4360 dissipatur
1011 4279 1240 4356 11111111,
1262 4279 1412 4358 audimus,
