2992 4950
639 245 673 307 29

152 437 235 514 Quod
260 440 298 500 ad
326 435 557 516 particularum
583 434 849 497 disiunctlvarum
877 453 967 498 usum
991 437 1105 510 attinet,
1132 435 1163 494 id
1188 452 1239 513 po·
1323 474 1326 490 .

72 539 219 598 tissimum
240 539 465 598 memorandum
487 539 612 611 videtur,
634 537 800 596 Minucium
821 537 854 594 in
873 535 1075 611 compluribus
1097 535 1238 594 membris

67 639 278 698 enumerandis
299 640 429 698 variasse
455 639 624 715 particulas.
647 639 707 700 011.
730 638 756 696 7.
779 641 805 699 2.
827 637 875 696 rel
895 641 928 696 ut
948 638 1183 696 remuneraretur
1203 678 1209 691 .
1232 678 1238 690 .

68 737 174 796 velut
198 741 382 796 everteretur
406 739 457 794 aut
481 736 655 812 placaretur.
683 737 729 796 10.
751 737 780 796 3.
800 736 879 794 unde
903 739 1002 794 autem
1026 733 1074 792 vel
1100 732 1167 808 quis
1188 731 1239 789 ille

65 839 122 893 aut
133 837 182 895 ubi
203 837 295 894 deus?
316 836 426 896 34.11.
449 854 557 912 eorpus
578 854 665 895 omne
688 837 750 895 sive
770 835 877 894 arescit
896 834 929 891 in
950 833 1103 909 pulverem
1124 830 1239 890 sivein

66 934 222 992 humorem
247 934 371 995 solvitur
395 934 444 993 vel
468 934 500 992 111
526 935 656 993 cinerem
682 933 885 1010 comprimitur
910 931 958 989 vel
982 931 1014 988 111
1039 930 1172 988 nidorem
1196 932 1239 986 te·

63 1037 187 1106 nuabrr,
213 1032 389 1091 subducitur
412 1032 507 1091 nobis.
533 1031 581 1092 37.
607 1033 635 1094 5.
662 1051 730 1090 cum
754 1031 851 1090 Mucio
877 1029 924 1087 rel
950 1047 1018 1087 cum
1043 1026 1163 1103 Aquilio
1188 1030 1239 1084 aut

66 1129 189 1206 Regulo.

146 1229 213 1288 Vel
232 1255 277 1275 =
296 1230 354 1289 vel
374 1230 496 1306 potius
517 1233 614 1289 exstat
635 1231 683 1290 30.
704 1229 732 1288 4.
754 1231 783 1286 01
803 1227 947 1288 Mercurio
970 1222 1066 1287 Gallis
1091 1225 1237 1282 humanas

65 1327 116 1386 vel
143 1329 321 1388 inhumanas
349 1330 485 1389 victimas
510 1329 628 1388 caedere
653 1346 692 1387 so.
718 1327 794 1386 ritus
814 1327 879 1385 fuit.
927 1327 989 1401 (011.
1012 1323 1073 1387 Cic.
1094 1323 1131 1382 de
1151 1323 1237 1383 111110.

66 1427 117 1487 12.
137 1423 270 1504 Philipp.
292 1430 319 1488 2.
342 1429 401 1502 12.)

146 1524 214 1584 Vel
233 1549 278 1570 =
298 1529 334 1584 et
356 1526 381 1584 1.
404 1528 431 1586 3.
453 1525 554 1584 eadem
574 1524 651 1584 velle
670 1523 719 1582 vel
743 1522 822 1581 nollo
848 1522 893 1581 20.
915 1523 943 1583 2.
964 1523 1081 1582 fabellis
1103 1522 1166 1580 suis
1188 1521 1237 1579 de-

63 1625 175 1684 lectata
198 1625 249 1684 vel
272 1628 358 1702 capta
384 1624 431 1682 21.
454 1625 480 1683 7.
507 1621 612 1682 Terrae
637 1622 717 1680 enim
741 1621 789 1679 vel
815 1620 897 1681 Caeli
918 1619 1008 1681 filius.
1034 1621 1080 1680 25.
1107 1621 1152 1682 12.
1174 1619 1238 1678 cibo

64 1723 113 1784 vel
132 1723 261 1782 fastidio

157 1825 203 1888 Do
229 1825 457 1906 particularum
482 1824 658 1886 causalium
680 1847 739 1888 usu
758 1828 836 1887 1111111
856 1829 1006 1887 mentione
1031 1829 1155 1904 dignum
1172 1848 1239 1906 rep-

64 1929 139 2004 peri,
160 1929 220 1988 nisi
234 1928 399 1987 Minucium
414 1927 557 1986 formulas
579 1928 757 2004 compositas
778 1931 813 1985 at
834 1927 939 2000 enim,
962 1927 1023 1990 sed
1044 1927 1149 2000 enim,
1171 1928 1239 1986 iam

64 2027 159 2086 enim
183 2044 358 2104 usurpasse,
385 2045 510 2104 quarum
534 2027 744 2103 particularum
769 2026 944 2102 compositio
969 2044 1022 2102 per
1041 2026 1172 2102 ellipsim
1192 2026 1237 2083 111-

64 2126 233 2202 tellegenda
254 2129 307 2184 est.
339 2127 387 2201 (cf.
408 2125 513 2202 Draeg.
535 2144 557 2184 s.
579 2126 609 2186 h.
630 2125 661 2184 Il
681 2144 747 2202 pag·
771 2123 848 2198 171.)
871 2123 931 2185 011.
953 2125 999 2184 26.
1023 2125 1049 2181 1.
1070 2124 1135 2182 Jam
1156 2125 1235 2182 enim

63 2224 152 2282 renio
173 2224 209 2282 ad
230 2224 283 2282 illa
302 2211 434 2301 auspicia
454 2229 484 2283 et
504 2225 626 2300 augtuia
646 2224 785 2282 Romana·
807 2225 853 2282 32.
868 2225 895 2281 4.
910 2227 940 2280 11
960 2223 1040 2281 euim
1060 2240 1148 2299 quem
1167 2222 1238 2280 coli-

65 2341 133 2382 mus
146 2323 243 2398 deum,
263 2340 320 2382 nec
334 2323 517 2382 ostendimus
531 2340 586 2381 neo
600 2322 742 2380 videmus.
765 2323 811 2382 32.
828 2324 856 2381 7.
871 2321 923 2379 sed
944 2321 1024 2379 enim
1045 2319 1118 2379 deus
1139 2325 1237 2378 aetum

63 2420 196 2480 hominis
220 2421 346 2498 ignorat.
394 2423 440 2484 37.
467 2423 494 2480 3.
515 2427 545 2479 11
565 2421 645 2479 enim
665 2419 713 2478 dei
734 2420 820 2478 miles
841 2419 948 2478 necin
969 2419 1069 2476 dolore
1091 2419 1237 2477 deseritur

65 2537 119 2578 nee
142 2525 241 2579 morte
264 2520 375 2578 finitur.
402 2521 451 2581 38.
472 2522 499 2579 t.
526 2524 556 2578 at
576 2519 656 2579 enim
681 2537 737 2578 nos
762 2518 918 2596 exsequias
939 2517 1115 2576 adornamus
1137 2518 1237 2576 eadem

65 2618 290 2696 tranquillitate,
313 2635 371 2695 qua
390 2619 527 2677 vivimus.

156 2737 204 2801 De
229 2738 395 2820 particulis
420 2739 625 2802 conclusiris.
671 2743 773 2820 ltaqe
793 2743 872 2820 apud
885 2741 1049 2800 Minucium
1070 2742 1237 2816 promiscue

67 2845 96 2898 et
113 2841 246 2918 primum
267 2845 297 2900 et
318 2842 481 2900 secundum
502 2841 613 2900 obtinet
633 2841 741 2902 locum.
767 2841 814 2906 (oi.
830 2841 935 2916 Draeg.
951 2857 973 2898 s.
988 2839 1018 2899 h.
1032 2839 1062 2897 ll
1077 2858 1142 2915 pag.
1160 2840 1238 2914 183.)

67 2940 93 2998 3.
115 2939 142 2997 4.
171 2939 283 2999 sensim
307 2939 408 3016 itaque
432 2940 649 3017 tranquilleque
683 2943 728 3000 16.
751 2939 875 3000 61111111
900 2939 1000 3014 itaque
1025 2925 1257 3012 indignandum*

68 3035 113 3094 19.
136 3037 184 3098 14.
205 3037 324 3096 Platoni
345 3038 447 3114 itaque
468 3038 501 3095 in
524 3037 641 3096 Timaeo
668 3039 714 3096 21.
737 3041 763 3096 5.
785 3037 812 3095 is
837 3037 937 3114 itaque
962 3035 1116 3096 Satrmnus.
1160 3035 1238 3095 Aliis

67 3133 139 3193 locis
165 3136 238 3194 haee
263 3135 407 3211 particula
431 3135 561 3212 primum
586 3135 684 3194 locum
709 3139 797 3194 tenet.
823 3135 859 3192 01.
888 3134 934 3194 14.
956 3135 983 3192 5.
1014 3135 1060 3191 21.
1083 3137 1109 3193 6.
1141 3134 1187 3191 36.
1209 3137 1236 3196 9.

69 3233 114 3290 40.
143 3233 170 3292 2.

146 3331 274 3407 Igitur.
315 3331 399 3389 Idem
424 3331 582 3390 dicendum
607 3335 654 3391 est
678 3331 831 3406 de'igitur
856 3329 1007 3406 particula,
1034 3347 1108 3406 quae
1132 3331 1238 3407 primo,

72 3431 208 3500 secundo,
229 3429 317 3488 tertio
338 3429 403 3488 loco
424 3431 522 3506 posita
542 3435 595 3490 est.
622 3431 668 3507 (01.
684 3429 787 3505 Draeg.
805 3448 826 3488 s.
841 3430 869 3488 h.
885 3429 915 3487 H
929 3447 994 3505 pag.
1018 3431 1075 3489 179
1091 3431 1145 3505 sq.)
1168 3432 1194 3488 2.
1210 3433 1237 3489 3.

72 3526 158 3601 igitur
182 3531 368 3606 postumum
394 3533 424 3587 et
444 3529 569 3588 alterum
589 3530 668 3589 diem
707 3529 733 3586 4.
760 3531 786 3589 1.
807 3529 899 3603 igitur
919 3546 987 3586 cum
1008 3546 1110 3586 omnes
1134 3527 1179 3586 14.
1203 3532 1233 3590 6.

72 3624 159 3699 igitur
182 3627 268 3686 nobis
293 3627 508 3703 providendum
533 3632 579 3686 est
609 3627 655 3685 25.
678 3628 695 3685 6
717 3627 808 3702 igitur
833 3626 958 3684 Romani
982 3645 1043 3684 non
1068 3627 1133 3685 ideo
1161 3628 1236 3684 tanti

75 3723 117 3783 36.
139 3727 166 3782 6.
185 3726 278 3800 igitur
298 3729 333 3783 ut
353 3726 405 3802 qui
424 3726 504 3784 viam
523 3727 599 3785 terit.
621 3728 662 3788 At
683 3727 719 3785 cf.
743 3730 768 3786 6.
795 3730 819 3786 1.
841 3743 909 3784 oum
929 3725 1020 3800 igitur
1041 3726 1086 3784 21.
1110 3729 1126 3784 7
1148 3726 1236 3783 homo

74 3821 160 3896 igitur
184 3826 232 3885 23.
260 3825 298 3883 13
326 3825 443 3901 quando
463 3825 556 3900 igitur
574 3825 624 3883 hie
648 3826 797 3884 nascitur?
819 3827 867 3886 27.
890 3827 915 3882 1.
936 3825 993 3883 Isti
1013 3825 1105 3900 igitur
1125 3824 1236 3900 impuri

77 3921 192 3994 spiritus
218 3923 265 3981 31.
287 3922 315 3980 4.
337 3923 441 3981 merito
466 3923 566 3998 igitur.
588 3921 634 3982 37.
659 3925 703 3982 11.
725 3942 780 3983 nos
800 3923 900 3998 igitur.
922 3925 971 3985 40.
996 3927 1020 3984 l.
1042 3923 1120 3980 Dum
1140 3923 1233 3982 istaec

76 4016 161 4092 igitur
181 4022 260 4098 apud
280 4040 328 4080 me
348 4022 456 4080 tacitus
476 4022 588 4081 evolvo.

149 4117 231 4179 Ideo
257 4120 410 4197 particula,
437 4138 511 4196 quae
537 4120 657 4196 quidem
681 4119 760 4196 apud
785 4119 1056 4196 praestantissimos
1078 4119 1237 4196 scriptores

79 4231 136 4275 raro
155 4223 321 4296 usurpatur,
347 4217 496 4278 Minucius
517 4219 636 4295 saepius
656 4219 758 4276 ut'tur.
784 4218 899 4296 (Draeg.
922 4237 944 4277 s.
966 4219 995 4277 h.
1016 4219 1048 4276 Π
1068 4235 1134 4294 pag.
1159 4220 1237 4297 186.)
