3004 4948
796 240 830 296 26

231 417 268 478 (16
287 417 443 493 manubiis,
470 418 501 478 id
527 422 573 478 est
594 419 630 478 de
649 419 744 480 ruinis
764 421 890 495 urbium,
912 422 948 482 de
969 421 1074 499 spoliis
1095 423 1224 499 deorum,
1246 425 1283 484 de
1304 425 1405 486 caedi-

229 518 492 577 bussacerdotum
514 535 555 580 sc.
577 522 640 578 orta
661 523 740 577 sunt.
767 521 814 578 27.
830 522 856 578 5.
879 521 915 580 de
936 522 1107 597 corporibus
1128 524 1290 599 exiguntur
1310 525 1358 586 28.
1370 524 1404 582 7.

229 615 264 673 (16
289 634 376 691 capro
401 617 490 674 etiarn
515 623 545 676 et
569 617 690 676 homine
715 617 825 676 mixtos
850 619 921 677 deos
949 619 996 677 33.
1018 621 1044 678 3.
1067 620 1103 678 (16
1124 621 1227 697 paucis
1247 623 1405 682 innumeri

206 786 209 792 Ι
229 715 308 788 iacti,
322 715 358 774 de
369 717 523 790 egentibus
538 717 653 790 divites,
668 717 704 775 de
719 717 914 776 servientibus
928 736 1020 794 reges.
1037 721 1083 778 35.
1100 719 1125 777 1.
1140 719 1177 779 (16
1192 721 1318 780 oraculis
1332 740 1405 798 pro-

228 812 354 872 fetarum
375 815 500 890 cognita.

308 911 351 969 De
369 931 422 988 pro
441 913 566 972 ablativo
586 914 638 990 qui
651 917 772 972 vocatur
783 913 974 973 instrumenti
995 915 1085 991 positi
1106 917 1242 992 exempla
1262 919 1405 994 congessi

227 1010 300 1067 haec
321 1007 367 1083 (cf.
390 1011 467 1070 Sittl.
489 1011 509 1068 l.
524 1030 547 1069 6.
569 1030 635 1087 pag.
659 1014 727 1087 127)
749 1015 776 1070 2.
793 1015 820 1078 3,
842 1013 879 1070 (16
899 1013 1022 1071 marinis
1042 1013 1167 1072 lavacris
1189 1017 1300 1075 curatio
1323 1020 1352 1076 7·
1372 1021 1403 1078 3.

227 1107 365 1167 ludorum
379 1109 415 1167 de
433 1110 547 1168 somnio
562 1111 659 1187 plebei
672 1112 802 1171 hominis
817 1093 933 1171 iteratio
957 1115 983 1172 7.
999 1115 1026 1171 5.
1046 1113 1196 1189 praedicta
1216 1113 1252 1173 de
1273 1116 1405 1174 oraculis

228 1207 296 1266 fata.
325 1208 372 1266 13.
399 1210 425 1266 2.
452 1209 557 1267 merito
578 1227 647 1285 ergo
673 1210 708 1268 de
729 1211 845 1268 oraculo
871 1210 1075 1269 testimonium
1095 1212 1204 1270 meruit
1224 1214 1405 1289 prudentiae

229 1306 389 1380 singularis
418 1307 497 1366 1213
519 1312 618 1366 tamen
638 1308 727 1366 altius
748 1327 874 1381 moveor,
895 1327 955 1366 non
977 1308 1013 1367 de
1034 1310 1182 1386 praesenti
1202 1311 1336 1385 actione,
1349 1313 1405 1371 sed

228 1405 263 1462 de
289 1409 350 1464 toto
376 1423 483 1480 genere
508 1406 689 1481 disputandi.
717 1407 762 1464 18.
791 1409 817 1466 6.
843 1408 880 1466 de
904 1425 1047 1484 equorum
1072 1407 1193 1466 hinnitu
1218 1415 1404 1485 augurantes

228 1502 428 1578 principatum
459 1504 526 1576 (hoc
551 1505 722 1580 exemplum
746 1524 764 1562 a
791 1503 896 1566 Carolo
921 1505 1019 1564 Sittlio
1044 1506 1064 1564 l.
1090 1523 1114 1564 c.
1140 1507 1270 1581 affertur)
1299 1509 1345 1568 19.
1373 1511 1403 1567 4.

227 1602 263 1659 (16
279 1602 341 1660 6616
362 1602 450 1661 (116116
472 1603 621 1680 sapientes
642 1622 707 1662 6666
727 1609 905 1664 meruerunt.
927 1606 1018 1664 361.
1041 1605 1092 1682 qui
1112 1605 1225 1663 initiari
1250 1624 1306 1664 nos
1328 1607 1405 1666 dicit

227 1703 278 1757 aut
303 1701 396 1758 credit
421 1701 457 1759 de
481 1702 568 1760 caede
593 1702 717 1760 infantis
743 1707 773 1761 et
799 1702 949 1778 sanguine.
977 1703 1024 1761 3⁵.
1046 1705 1071 1762 6.
1098 1703 1134 1761 (16
1154 1707 1255 1764 vestro
1276 1722 1404 1764 numero

227 1816 325 1856 carcer
345 1805 508 1858 exaestuat.

306 1897 351 1955 De
371 1901 433 1957 toto
455 1904 484 1958 et
505 1900 620 1975 integro
641 1900 702 1958 aa
721 1919 795 1975 ganz
816 1900 877 1958 und
898 1919 958 1976 gar,
980 1900 1133 1958 (16661666
1155 1901 1202 1960 16.
1217 1905 1244 1961 4.
1266 1901 1404 1978 lriinitig-

225 1996 288 2069 hin,
309 1996 345 2055 de
365 1998 500 2073 proximo
527 2001 573 2058 27.
596 2002 622 2058 7.
644 1999 676 2057 in
701 1999 753 2058 der
777 1998 871 2073 Nahe,
895 1999 981 2058 fateri
1007 2001 1043 2058 de
1069 2000 1116 2060 28.
1145 2003 1171 2060 6.
1200 2000 1404 2063 Gesttndniss

226 2099 351 2175 ablegen
373 2133 409 2140 -
432 2104 466 2156 ut
491 2100 527 2157 de
554 2099 676 2157 incestis
703 2099 823 2176 stupris,
844 2100 881 2158 (16
901 2099 1034 2175 impiatis
1055 2101 1157 2175 sacris,
1178 2100 1215 2158 (16
1235 2099 1405 2160 infantibus

226 2198 387 2258 immolatis
409 2200 571 2258 faterentur
594 2232 629 2240 -
651 2198 699 2256 40.
723 2199 738 2254 1
761 2199 797 2256 de
818 2199 1002 2274 providentia
1022 2200 1123 2258 fateor.

306 2299 442 2357 Rariores
467 2298 702 2374 praepositiones
731 2303 852 2356 exstant
872 2301 919 2358 23.
941 2301 969 2360 8.
991 2300 1123 2376 adusque
1144 2315 1276 2358 summae
1296 2297 1405 2357 aetatis

226 2398 316 2456 robur
339 2397 512 2455 adolescunt
539 2398 585 2457 12.
607 2399 634 2455 1).
660 2397 795 2456 convivia
820 2397 938 2473 publica
964 2399 1074 2475 absque
1099 2398 1183 2457 vobis
1204 2398 1253 2458 24.
1275 2399 1302 2457 3.
1325 2415 1405 2455 non·
1441 2404 1443 2406 ’

227 2496 311 2554 66116
337 2497 448 2572 absque
468 2497 588 2555 feminis
610 2515 691 2555 sacra
712 2501 782 2556 sunt
803 2495 851 2558 27.
873 2501 900 2557 3.
922 2501 1005 2557 vates
1027 2502 1056 2556 et
1076 2498 1135 2574 ipsi
1156 2499 1267 2574 absque
1287 2498 1405 2574 templo

227 2597 274 2654 37.
302 2597 329 2654 8.
360 2596 470 2671 absque
499 2595 579 2654 enim
609 2595 715 2654 notitia
745 2597 792 2656 dei
823 2615 898 2674 quae
927 2601 1027 2674 potest
1051 2615 1118 2656 6666
1143 2596 1238 2655 solida
1262 2595 1404 2672 felicitae,

227 2712 296 2753 cum
317 2711 397 2752 mors
419 2694 475 2752 sit?

763 3256 841 3315 111.

463 3439 519 3500 De
548 3434 837 3500 enuntiatorum
861 3433 1164 3500 coordinatione.
1188 3515 1190 3522 y

319 3639 366 3701 De
396 3640 562 3720 particulis
592 3639 792 3718 copulativio.
843 3644 879 3700 In
909 3642 1044 3720 pluribus
1073 3641 1161 3700 rebus
1191 3642 1402 3702 enumerandis

228 3743 376 3802 1111666166
399 3741 495 3815 Felix,
517 3760 585 3800 cum
609 3741 697 3800 tertio
722 3739 770 3800 uel
795 3747 899 3817 quarto
925 3742 1055 3800 membro
1080 3743 1132 3798 aut
1151 3741 1329 3799 attributum
1349 3741 1402 3800 ad-

227 3843 330 3918 iungat
343 3845 394 3898 aut
407 3841 548 3899 maiorem
561 3840 623 3896 uim
636 3839 732 3911 addat,
748 3844 804 3898 »et«
818 3841 912 3916 ponit,
928 3839 1013 3898 cuius
1028 3856 1101 3897 usus
1116 3837 1235 3896 Livium
1249 3843 1401 3899 auctorem

227 3942 314 3999 habet
340 3941 387 4014 (cf.
409 3938 524 3998 Kuehn.
547 3955 569 3995 6.
591 3937 625 3998 L.
648 3957 715 4014 pag.
738 3939 817 4013 286.)
843 3937 940 3996 Huius
965 3937 1008 3995 rei
1028 3935 1164 4012 exempla
1183 3937 1257 3995 haec
1276 3937 1399 4013 collegi:

228 4040 275 4098 23.
299 4039 345 4100 12.
367 4038 522 4113 conflatur,
542 4038 679 4096 tunditur
699 4037 814 4096 malleis
835 4041 865 4096 et
884 4037 917 4095 in
937 4036 1094 4096 incudibus
1114 4035 1259 4110 figuratur
1281 4035 1328 4096 23.
1352 4037 1399 4095 12.

228 4139 367 4212 caeditur,
393 4134 537 4212 scalpitur
562 4139 592 4195 61
616 4137 652 4194 61)
673 4135 820 4212 impurato
840 4135 961 4195 homine
981 4135 1135 4210 levigatur.
1157 4133 1204 4190 24.
1226 4134 1243 4192 2
1265 4134 1399 4209 tergetis,

227 4237 388 4312 mundatis,
407 4236 528 4298 eraditis
542 4240 572 4296 et
585 4236 655 4295 illos
671 4254 746 4318 quos
759 4235 856 4296 facitis
871 4235 1035 4314 protegitis.
1050 4235 1097 4294 25.
1109 4236 1135 4296 3.
1150 4235 1258 4312 rapuit,
1268 4233 1399 4310 violavit,
