<?xml version="1.0" encoding="UTF-8"?>
<!DOCTYPE html PUBLIC "-//W3C//DTD XHTML 1.0 Transitional//EN"
    "http://www.w3.org/TR/xhtml1/DTD/xhtml1-transitional.dtd">
<html xmlns="http://www.w3.org/1999/xhtml" xml:lang="en" lang="en">
 <head>
  <title>
</title>
<meta http-equiv="Content-Type" content="text/html;charset=utf-8" />
  <meta name='ocr-system' content='tesseract 3.04.00' />
  <meta name='ocr-capabilities' content='ocr_page ocr_carea ocr_par ocr_line ocrx_word'/>
</head>
<body>
  <div class='ocr_page' id='page_1' title='image "./degeneredicendi00theigoog_0037.png"; bbox 0 0 3004 4948; ppageno 0'>
   <div class='ocr_carea' id='block_1_1' title="bbox 818 228 853 285">
    <p class='ocr_par' dir='ltr' id='par_1_1' title="bbox 818 228 853 285">
     <span class='ocr_line' id='line_1_1' title="bbox 818 228 853 285; baseline -0.029 0"><span class='ocrx_word' id='word_1_1' title='bbox 818 228 853 285; x_wconf 90' lang='lat'>32</span> 
     </span>
    </p>
   </div>
   <div class='ocr_carea' id='block_1_2' title="bbox 799 517 867 576">
    <p class='ocr_par' dir='ltr' id='par_1_2' title="bbox 799 517 867 576">
     <span class='ocr_line' id='line_1_2' title="bbox 799 517 867 576; baseline 0.015 -1"><span class='ocrx_word' id='word_1_2' title='bbox 799 517 867 576; x_wconf 83' lang='lat' dir='ltr'><strong>IV.</strong></span> 
     </span>
    </p>
   </div>
   <div class='ocr_carea' id='block_1_3' title="bbox 470 714 1192 782">
    <p class='ocr_par' dir='ltr' id='par_1_3' title="bbox 470 714 1192 782">
     <span class='ocr_line' id='line_1_3' title="bbox 470 714 1192 782; baseline 0 0"><span class='ocrx_word' id='word_1_3' title='bbox 470 719 527 782; x_wconf 90' lang='lat' dir='ltr'>De</span> <span class='ocrx_word' id='word_1_4' title='bbox 551 714 840 782; x_wconf 85' lang='lat' dir='ltr'>enuntiatorum</span> <span class='ocrx_word' id='word_1_5' title='bbox 862 715 1192 782; x_wconf 76' lang='lat' dir='ltr'><strong>subordinatione.</strong></span> 
     </span>
    </p>
   </div>
   <div class='ocr_carea' id='block_1_4' title="bbox 196 932 1418 4280">
    <p class='ocr_par' dir='ltr' id='par_1_4' title="bbox 242 932 1418 1098">
     <span class='ocr_line' id='line_1_4' title="bbox 327 932 1418 1010; baseline -0.002 -18"><span class='ocrx_word' id='word_1_6' title='bbox 327 933 411 1008; x_wconf 85' lang='lat' dir='ltr'>Quod</span> <span class='ocrx_word' id='word_1_7' title='bbox 420 935 525 993; x_wconf 84' lang='lat' dir='ltr'>attinet</span> <span class='ocrx_word' id='word_1_8' title='bbox 538 932 575 992; x_wconf 89' lang='lat' dir='ltr'>ad</span> <span class='ocrx_word' id='word_1_9' title='bbox 588 932 857 993; x_wconf 83' lang='lat' dir='ltr'>enuntiatorum</span> <span class='ocrx_word' id='word_1_10' title='bbox 872 933 1180 992; x_wconf 84' lang='lat' dir='ltr'><strong>substantivorum</strong></span> <span class='ocrx_word' id='word_1_11' title='bbox 1193 933 1418 1010; x_wconf 85' lang='lat' dir='ltr'>quaediountur</span> 
     </span>
     <span class='ocr_line' id='line_1_5' title="bbox 242 1033 622 1098; baseline -0.021 -1"><span class='ocrx_word' id='word_1_12' title='bbox 242 1053 331 1098; x_wconf 87' lang='lat' dir='ltr'>usum</span> <span class='ocrx_word' id='word_1_13' title='bbox 351 1035 423 1092; x_wconf 86' lang='lat' dir='ltr'>haec</span> <span class='ocrx_word' id='word_1_14' title='bbox 443 1033 622 1090; x_wconf 88' lang='lat' dir='ltr'>memorabo:</span> 
     </span>
    </p>

    <p class='ocr_par' dir='ltr' id='par_1_5' title="bbox 322 1131 1416 1208">
     <span class='ocr_line' id='line_1_6' title="bbox 322 1131 1416 1208; baseline -0.008 -12"><span class='ocrx_word' id='word_1_15' title='bbox 322 1133 467 1196; x_wconf 88' lang='lat' dir='ltr'>Infinitivi</span> <span class='ocrx_word' id='word_1_16' title='bbox 492 1132 669 1190; x_wconf 90' lang='lat' dir='ltr'>insolentius</span> <span class='ocrx_word' id='word_1_17' title='bbox 697 1150 714 1189; x_wconf 92' lang='lat' dir='ltr'>a</span> <span class='ocrx_word' id='word_1_18' title='bbox 733 1131 830 1190; x_wconf 80' lang='lat' dir='ltr'>verbis</span> <span class='ocrx_word' id='word_1_19' title='bbox 851 1132 1008 1208; x_wconf 86' lang='lat' dir='ltr'>pendentis</span> <span class='ocrx_word' id='word_1_20' title='bbox 1030 1131 1165 1190; x_wconf 83' lang='lat' dir='ltr'>Tacitum</span> <span class='ocrx_word' id='word_1_21' title='bbox 1186 1131 1352 1191; x_wconf 89' lang='lat' dir='ltr'>secundum</span> <span class='ocrx_word' id='word_1_22' title='bbox 1371 1148 1416 1187; x_wconf 91' lang='lat' dir='ltr'>ar-</span> 
     </span>
    </p>

    <p class='ocr_par' dir='ltr' id='par_1_6' title="bbox 173 1228 1416 2490">
     <span class='ocr_line' id='line_1_7' title="bbox 243 1228 1416 1312; baseline -0.005 -18"><span class='ocrx_word' id='word_1_23' title='bbox 243 1239 365 1312; x_wconf 83' lang='lat' dir='ltr'>genteae</span> <span class='ocrx_word' id='word_1_24' title='bbox 378 1231 534 1290; x_wconf 80' lang='lat' dir='ltr'>latinitatis</span> <span class='ocrx_word' id='word_1_25' title='bbox 548 1249 661 1289; x_wconf 88' lang='lat' dir='ltr'>morem</span> <span class='ocrx_word' id='word_1_26' title='bbox 681 1229 920 1288; x_wconf 82' lang='lat' dir='ltr'>amantissimum</span> <span class='ocrx_word' id='word_1_27' title='bbox 939 1248 1005 1289; x_wconf 85' lang='lat' dir='ltr'>esse</span> <span class='ocrx_word' id='word_1_28' title='bbox 1025 1230 1192 1306; x_wconf 87' lang='lat' dir='ltr'>Draegerus</span> <span class='ocrx_word' id='word_1_29' title='bbox 1205 1230 1239 1287; x_wconf 90' lang='lat' dir='ltr'>in</span> <span class='ocrx_word' id='word_1_30' title='bbox 1253 1228 1321 1290; x_wconf 82' lang='lat' dir='ltr'>Tac.</span> <span class='ocrx_word' id='word_1_31' title='bbox 1337 1232 1416 1302; x_wconf 86' lang='lat' dir='ltr'>synt.</span> 
     </span>
     <span class='ocr_line' id='line_1_8' title="bbox 241 1325 1415 1410; baseline -0.005 -18"><span class='ocrx_word' id='word_1_32' title='bbox 241 1353 308 1410; x_wconf 85' lang='lat' dir='ltr'>pag.</span> <span class='ocrx_word' id='word_1_33' title='bbox 332 1335 369 1395; x_wconf 83' lang='lat'>56</span> <span class='ocrx_word' id='word_1_34' title='bbox 391 1330 495 1388; x_wconf 84' lang='lat' dir='ltr'>multis</span> <span class='ocrx_word' id='word_1_35' title='bbox 515 1329 662 1404; x_wconf 83' lang='lat' dir='ltr'>exemplis</span> <span class='ocrx_word' id='word_1_36' title='bbox 682 1329 861 1404; x_wconf 87' lang='lat' dir='ltr'>comprobat.</span> <span class='ocrx_word' id='word_1_37' title='bbox 883 1326 948 1401; x_wconf 84' lang='lat' dir='ltr'>Qua</span> <span class='ocrx_word' id='word_1_38' title='bbox 967 1328 1000 1386; x_wconf 88' lang='lat' dir='ltr'>in</span> <span class='ocrx_word' id='word_1_39' title='bbox 1019 1346 1051 1388; x_wconf 88' lang='lat' dir='ltr'>re</span> <span class='ocrx_word' id='word_1_40' title='bbox 1070 1329 1151 1405; x_wconf 87' lang='lat' dir='ltr'>apud</span> <span class='ocrx_word' id='word_1_41' title='bbox 1171 1328 1341 1386; x_wconf 90' lang='lat' dir='ltr'>Minucium</span> <span class='ocrx_word' id='word_1_42' title='bbox 1361 1325 1415 1388; x_wconf 80' lang='lat' dir='ltr'>Fe</span> 
     </span>
     <span class='ocr_line' id='line_1_9' title="bbox 240 1427 597 1504; baseline -0.011 -14"><span class='ocrx_word' id='word_1_43' title='bbox 240 1431 330 1490; x_wconf 89' lang='lat' dir='ltr'>licem</span> <span class='ocrx_word' id='word_1_44' title='bbox 350 1430 423 1488; x_wconf 86' lang='lat' dir='ltr'>haec</span> <span class='ocrx_word' id='word_1_45' title='bbox 443 1427 597 1504; x_wconf 85' lang='lat' dir='ltr'>leguntur:</span> 
     </span>
     <span class='ocr_line' id='line_1_10' title="bbox 241 1523 1414 1601; baseline -0.005 -11"><span class='ocrx_word' id='word_1_46' title='bbox 241 1531 267 1590; x_wconf 88' lang='lat'>3.</span> <span class='ocrx_word' id='word_1_47' title='bbox 290 1532 316 1589; x_wconf 90' lang='grc'>6.</span> <span class='ocrx_word' id='word_1_48' title='bbox 338 1529 366 1588; x_wconf 91' lang='lat' dir='ltr'>is</span> <span class='ocrx_word' id='word_1_49' title='bbox 386 1529 472 1586; x_wconf 91' lang='lat' dir='ltr'>lusus</span> <span class='ocrx_word' id='word_1_50' title='bbox 497 1530 544 1585; x_wconf 89' lang='lat' dir='ltr'>est</span> <span class='ocrx_word' id='word_1_51' title='bbox 563 1529 671 1585; x_wconf 86' lang='lat' dir='ltr'>testam</span> <span class='ocrx_word' id='word_1_52' title='bbox 692 1569 698 1583; x_wconf 97' lang='lat'><strong>.</strong></span> <span class='ocrx_word' id='word_1_53' title='bbox 720 1570 727 1583; x_wconf 95' lang='lat'><strong>.</strong></span> <span class='ocrx_word' id='word_1_54' title='bbox 749 1569 756 1583; x_wconf 91' lang='lat'><strong>.</strong></span> <span class='ocrx_word' id='word_1_55' title='bbox 777 1525 883 1600; x_wconf 85' lang='lat' dir='ltr'>legere.</span> <span class='ocrx_word' id='word_1_56' title='bbox 910 1524 938 1582; x_wconf 88' lang='lat'>8.</span> <span class='ocrx_word' id='word_1_57' title='bbox 960 1523 988 1584; x_wconf 84' lang='lat'><strong>5.</strong></span> <span class='ocrx_word' id='word_1_58' title='bbox 1009 1525 1082 1583; x_wconf 88' lang='lat' dir='ltr'>dmn</span> <span class='ocrx_word' id='word_1_59' title='bbox 1102 1525 1178 1584; x_wconf 90' lang='lat' dir='ltr'>mori</span> <span class='ocrx_word' id='word_1_60' title='bbox 1198 1529 1267 1601; x_wconf 83' lang='lat' dir='ltr'>post</span> <span class='ocrx_word' id='word_1_61' title='bbox 1288 1529 1414 1584; x_wconf 86' lang='lat' dir='ltr'>mortem</span> 
     </span>
     <span class='ocr_line' id='line_1_11' title="bbox 238 1622 1414 1700; baseline -0.003 -15"><span class='ocrx_word' id='word_1_62' title='bbox 238 1627 353 1700; x_wconf 88' lang='lat' dir='ltr'>timent,</span> <span class='ocrx_word' id='word_1_63' title='bbox 374 1626 495 1685; x_wconf 80' lang='lat' dir='ltr'>interim</span> <span class='ocrx_word' id='word_1_64' title='bbox 515 1624 591 1683; x_wconf 89' lang='lat' dir='ltr'>mori</span> <span class='ocrx_word' id='word_1_65' title='bbox 611 1641 674 1682; x_wconf 91' lang='lat' dir='ltr'>non</span> <span class='ocrx_word' id='word_1_66' title='bbox 693 1623 807 1682; x_wconf 84' lang='lat' dir='ltr'>timent.</span> <span class='ocrx_word' id='word_1_67' title='bbox 835 1622 881 1682; x_wconf 83' lang='lat'><strong>17.</strong></span> <span class='ocrx_word' id='word_1_68' title='bbox 903 1625 929 1682; x_wconf 89' lang='lat'><strong>2.</strong></span> <span class='ocrx_word' id='word_1_69' title='bbox 950 1623 1028 1681; x_wconf 91' lang='lat' dir='ltr'>nihil</span> <span class='ocrx_word' id='word_1_70' title='bbox 1055 1629 1125 1683; x_wconf 85' lang='lat' dir='ltr'>nata</span> <span class='ocrx_word' id='word_1_71' title='bbox 1150 1627 1222 1682; x_wconf 88' lang='lat' dir='ltr'>sunt</span> <span class='ocrx_word' id='word_1_72' title='bbox 1242 1624 1414 1700; x_wconf 77' lang='lat' dir='ltr'>prospicere</span> 
     </span>
     <span class='ocr_line' id='line_1_12' title="bbox 237 1721 1413 1802; baseline -0.003 -18"><span class='ocrx_word' id='word_1_73' title='bbox 237 1726 297 1784; x_wconf 91' lang='lat' dir='ltr'>nisi</span> <span class='ocrx_word' id='word_1_74' title='bbox 322 1725 475 1802; x_wconf 87' lang='lat' dir='ltr'>pabulum.</span> <span class='ocrx_word' id='word_1_75' title='bbox 502 1724 551 1784; x_wconf 84' lang='lat'><strong>19.</strong></span> <span class='ocrx_word' id='word_1_76' title='bbox 571 1723 598 1780; x_wconf 90' lang='grc'>4.</span> <span class='ocrx_word' id='word_1_77' title='bbox 625 1721 775 1798; x_wconf 87' lang='lat' dir='ltr'>sapientes</span> <span class='ocrx_word' id='word_1_78' title='bbox 800 1739 867 1781; x_wconf 89' lang='lat' dir='ltr'>esse</span> <span class='ocrx_word' id='word_1_79' title='bbox 886 1726 1069 1783; x_wconf 84' lang='lat' dir='ltr'>meruerunt.</span> <span class='ocrx_word' id='word_1_80' title='bbox 1091 1723 1272 1783; x_wconf 71' lang='grc'><strong>2111111</strong></span> <span class='ocrx_word' id='word_1_81' title='bbox 1294 1723 1413 1782; x_wconf 81' lang='grc'><strong>111111-</strong></span> 
     </span>
     <span class='ocr_line' id='line_1_13' title="bbox 196 1820 1412 1897; baseline -0.002 -15"><span class='ocrx_word' id='word_1_82' title='bbox 196 1839 199 1846; x_wconf 77' lang='grc'>’</span> <span class='ocrx_word' id='word_1_83' title='bbox 237 1825 340 1883; x_wconf 86' lang='lat' dir='ltr'>beuter</span> <span class='ocrx_word' id='word_1_84' title='bbox 363 1823 466 1882; x_wconf 87' lang='lat' dir='ltr'>audire</span> <span class='ocrx_word' id='word_1_85' title='bbox 496 1822 542 1880; x_wconf 91' lang='lat'><strong>20.</strong></span> <span class='ocrx_word' id='word_1_86' title='bbox 564 1820 591 1879; x_wconf 86' lang='lat'><strong>5.</strong></span> <span class='ocrx_word' id='word_1_87' title='bbox 622 1821 695 1881; x_wconf 89' lang='lat' dir='ltr'>dum</span> <span class='ocrx_word' id='word_1_88' title='bbox 721 1821 876 1880; x_wconf 84' lang='lat' dir='ltr'>defunctos</span> <span class='ocrx_word' id='word_1_89' title='bbox 901 1838 952 1880; x_wconf 89' lang='lat' dir='ltr'>eos</span> <span class='ocrx_word' id='word_1_90' title='bbox 979 1821 1148 1880; x_wconf 82' lang='lat' dir='ltr'>desiderant</span> <span class='ocrx_word' id='word_1_91' title='bbox 1172 1821 1205 1879; x_wconf 91' lang='lat' dir='ltr'>in</span> <span class='ocrx_word' id='word_1_92' title='bbox 1229 1821 1412 1897; x_wconf 87' lang='lat' dir='ltr'>imaginibus</span> 
     </span>
     <span class='ocr_line' id='line_1_14' title="bbox 236 1919 1411 1996; baseline -0.002 -16.102"><span class='ocrx_word' id='word_1_93' title='bbox 236 1922 335 1981; x_wconf 88' lang='lat' dir='ltr'>videre</span> <span class='ocrx_word' id='word_1_94' title='bbox 357 1922 403 1996; x_wconf 90' lang='lat' dir='ltr'><strong>(cf.</strong></span> <span class='ocrx_word' id='word_1_95' title='bbox 425 1921 542 1980; x_wconf 89' lang='lat' dir='ltr'>Kuehn.</span> <span class='ocrx_word' id='word_1_96' title='bbox 563 1919 583 1977; x_wconf 94' lang='grc'>1.</span> <span class='ocrx_word' id='word_1_97' title='bbox 598 1938 641 1995; x_wconf 87' lang='lat' dir='ltr'>gr.</span> <span class='ocrx_word' id='word_1_98' title='bbox 656 1921 688 1978; x_wconf 91' lang='lat' dir='ltr'>H</span> <span class='ocrx_word' id='word_1_99' title='bbox 708 1937 776 1995; x_wconf 86' lang='lat' dir='ltr'>pag.</span> <span class='ocrx_word' id='word_1_100' title='bbox 796 1919 855 1978; x_wconf 90' lang='grc'>496</span> <span class='ocrx_word' id='word_1_101' title='bbox 878 1938 903 1978; x_wconf 80' lang='lat' dir='ltr'>a.</span> <span class='ocrx_word' id='word_1_102' title='bbox 925 1919 964 1993; x_wconf 82' lang='lat'><strong>2.)</strong></span> <span class='ocrx_word' id='word_1_103' title='bbox 985 1920 1032 1977; x_wconf 88' lang='lat'>21.</span> <span class='ocrx_word' id='word_1_104' title='bbox 1049 1921 1216 1996; x_wconf 76' lang='lat' dir='ltr'>reopant</span> <span class='ocrx_word' id='word_1_105' title='bbox 1236 1921 1269 1978; x_wconf 88' lang='lat' dir='ltr'>in</span> <span class='ocrx_word' id='word_1_106' title='bbox 1289 1920 1411 1978; x_wconf 88' lang='lat' dir='ltr'>homine</span> 
     </span>
     <span class='ocr_line' id='line_1_15' title="bbox 234 2018 1410 2096; baseline -0.002 -18"><span class='ocrx_word' id='word_1_107' title='bbox 234 2037 420 2096; x_wconf 85' lang='lat' dir='ltr'>perseverare</span> <span class='ocrx_word' id='word_1_108' title='bbox 441 2020 491 2094; x_wconf 87' lang='lat' dir='ltr'><strong>(cf.</strong></span> <span class='ocrx_word' id='word_1_109' title='bbox 511 2019 628 2078; x_wconf 88' lang='lat' dir='ltr'>Kuehn.</span> <span class='ocrx_word' id='word_1_110' title='bbox 649 2019 668 2076; x_wconf 93' lang='lat' dir='ltr'>l.</span> <span class='ocrx_word' id='word_1_111' title='bbox 689 2021 725 2093; x_wconf 90' lang='lat' dir='ltr'>c.)</span> <span class='ocrx_word' id='word_1_112' title='bbox 747 2019 795 2078; x_wconf 88' lang='lat'><strong>25.</strong></span> <span class='ocrx_word' id='word_1_113' title='bbox 810 2019 836 2076; x_wconf 89' lang='lat'>5.</span> <span class='ocrx_word' id='word_1_114' title='bbox 851 2037 921 2076; x_wconf 87' lang='lat' dir='ltr'>nam</span> <span class='ocrx_word' id='word_1_115' title='bbox 935 2018 1056 2077; x_wconf 85' lang='lat' dir='ltr'>adorare</span> <span class='ocrx_word' id='word_1_116' title='bbox 1076 2037 1152 2095; x_wconf 85' lang='lat' dir='ltr'>quae</span> <span class='ocrx_word' id='word_1_117' title='bbox 1172 2037 1265 2077; x_wconf 87' lang='lat' dir='ltr'>manu</span> <span class='ocrx_word' id='word_1_118' title='bbox 1285 2020 1410 2095; x_wconf 81' lang='lat' dir='ltr'>ceperis,</span> 
     </span>
     <span class='ocr_line' id='line_1_16' title="bbox 235 2117 1411 2194; baseline -0.002 -17"><span class='ocrx_word' id='word_1_119' title='bbox 235 2118 423 2192; x_wconf 86' lang='lat' dir='ltr'>saerilegium</span> <span class='ocrx_word' id='word_1_120' title='bbox 452 2123 498 2176; x_wconf 88' lang='lat' dir='ltr'>est</span> <span class='ocrx_word' id='word_1_121' title='bbox 522 2135 704 2190; x_wconf 85' lang='lat' dir='ltr'>consecrare,</span> <span class='ocrx_word' id='word_1_122' title='bbox 729 2135 790 2175; x_wconf 93' lang='lat' dir='ltr'>non</span> <span class='ocrx_word' id='word_1_123' title='bbox 815 2117 946 2175; x_wconf 88' lang='lat' dir='ltr'>munina.</span> <span class='ocrx_word' id='word_1_124' title='bbox 973 2119 1019 2178; x_wconf 86' lang='lat'><strong>29.</strong></span> <span class='ocrx_word' id='word_1_125' title='bbox 1046 2119 1075 2177; x_wconf 90' lang='lat'><strong>2.</strong></span> <span class='ocrx_word' id='word_1_126' title='bbox 1101 2117 1153 2194; x_wconf 88' lang='lat' dir='ltr'>qui</span> <span class='ocrx_word' id='word_1_127' title='bbox 1177 2118 1293 2193; x_wconf 88' lang='lat' dir='ltr'>putatis</span> <span class='ocrx_word' id='word_1_128' title='bbox 1320 2119 1411 2176; x_wconf 89' lang='lat' dir='ltr'>deum</span> 
     </span>
     <span class='ocr_line' id='line_1_17' title="bbox 233 2215 1411 2290; baseline -0.001 -15"><span class='ocrx_word' id='word_1_129' title='bbox 233 2217 313 2276; x_wconf 86' lang='lat' dir='ltr'>credi</span> <span class='ocrx_word' id='word_1_130' title='bbox 338 2221 390 2274; x_wconf 89' lang='lat' dir='ltr'>aut</span> <span class='ocrx_word' id='word_1_131' title='bbox 414 2216 559 2274; x_wconf 88' lang='lat' dir='ltr'>meruisse</span> <span class='ocrx_word' id='word_1_132' title='bbox 583 2215 709 2273; x_wconf 84' lang='lat' dir='ltr'>noxium</span> <span class='ocrx_word' id='word_1_133' title='bbox 733 2219 785 2272; x_wconf 88' lang='lat' dir='ltr'>ant</span> <span class='ocrx_word' id='word_1_134' title='bbox 810 2216 945 2290; x_wconf 84' lang='lat' dir='ltr'>potuisse</span> <span class='ocrx_word' id='word_1_135' title='bbox 970 2220 1130 2274; x_wconf 85' lang='lat' dir='ltr'>terrenum.</span> <span class='ocrx_word' id='word_1_136' title='bbox 1165 2218 1215 2278; x_wconf 87' lang='lat'>31.</span> <span class='ocrx_word' id='word_1_137' title='bbox 1241 2219 1268 2275; x_wconf 88' lang='lat'>6.</span> <span class='ocrx_word' id='word_1_138' title='bbox 1294 2234 1354 2275; x_wconf 87' lang='lat' dir='ltr'>nec</span> <span class='ocrx_word' id='word_1_139' title='bbox 1379 2217 1411 2273; x_wconf 89' lang='lat' dir='ltr'>iu</span> 
     </span>
     <span class='ocr_line' id='line_1_18' title="bbox 233 2313 1409 2390; baseline -0.002 -16"><span class='ocrx_word' id='word_1_140' title='bbox 233 2315 353 2390; x_wconf 85' lang='lat' dir='ltr'>angulis</span> <span class='ocrx_word' id='word_1_141' title='bbox 379 2315 505 2390; x_wconf 83' lang='lat' dir='ltr'>garruli,</span> <span class='ocrx_word' id='word_1_142' title='bbox 530 2314 557 2372; x_wconf 90' lang='lat' dir='ltr'>si</span> <span class='ocrx_word' id='word_1_143' title='bbox 581 2314 683 2372; x_wconf 88' lang='lat' dir='ltr'>audire</span> <span class='ocrx_word' id='word_1_144' title='bbox 707 2331 763 2371; x_wconf 90' lang='lat' dir='ltr'>nos</span> <span class='ocrx_word' id='word_1_145' title='bbox 788 2313 907 2389; x_wconf 83' lang='lat' dir='ltr'>publice</span> <span class='ocrx_word' id='word_1_146' title='bbox 931 2319 984 2372; x_wconf 87' lang='lat' dir='ltr'>aut</span> <span class='ocrx_word' id='word_1_147' title='bbox 1007 2315 1181 2373; x_wconf 83' lang='lat' dir='ltr'>erubescitis</span> <span class='ocrx_word' id='word_1_148' title='bbox 1206 2319 1259 2373; x_wconf 87' lang='lat' dir='ltr'>aut</span> <span class='ocrx_word' id='word_1_149' title='bbox 1283 2315 1409 2376; x_wconf 73' lang='lat' dir='ltr'>timetis.</span> 
     </span>
     <span class='ocr_line' id='line_1_19' title="bbox 233 2411 914 2490; baseline -0.003 -18"><span class='ocrx_word' id='word_1_150' title='bbox 233 2413 280 2472; x_wconf 87' lang='grc'><strong>35.</strong></span> <span class='ocrx_word' id='word_1_151' title='bbox 305 2417 322 2475; x_wconf 88' lang='lat'><strong>6</strong></span> <span class='ocrx_word' id='word_1_152' title='bbox 343 2414 431 2490; x_wconf 82' lang='lat' dir='ltr'>apud</span> <span class='ocrx_word' id='word_1_153' title='bbox 444 2431 500 2471; x_wconf 89' lang='lat' dir='ltr'>nos</span> <span class='ocrx_word' id='word_1_154' title='bbox 520 2417 550 2471; x_wconf 90' lang='grc'>11</span> <span class='ocrx_word' id='word_1_155' title='bbox 570 2411 700 2487; x_wconf 85' lang='lat' dir='ltr'>cogitare</span> <span class='ocrx_word' id='word_1_156' title='bbox 720 2429 840 2487; x_wconf 82' lang='lat' dir='ltr'>peccam</span> <span class='ocrx_word' id='word_1_157' title='bbox 859 2415 914 2470; x_wconf 86' lang='lat' dir='ltr'>est.</span> 
     </span>
    </p>

    <p class='ocr_par' dir='ltr' id='par_1_7' title="bbox 227 2529 1409 3783">
     <span class='ocr_line' id='line_1_20' title="bbox 311 2529 1409 2607; baseline 0 -18"><span class='ocrx_word' id='word_1_158' title='bbox 311 2530 507 2601; x_wconf 76' lang='lat' dir='ltr'>Accusativus</span> <span class='ocrx_word' id='word_1_159' title='bbox 527 2548 596 2588; x_wconf 90' lang='lat' dir='ltr'>eum</span> <span class='ocrx_word' id='word_1_160' title='bbox 615 2529 776 2588; x_wconf 87' lang='lat' dir='ltr'>infinitivo:</span> <span class='ocrx_word' id='word_1_161' title='bbox 797 2529 907 2586; x_wconf 92' lang='lat' dir='ltr'>mirum</span> <span class='ocrx_word' id='word_1_162' title='bbox 927 2533 974 2587; x_wconf 87' lang='lat' dir='ltr'>est</span> <span class='ocrx_word' id='word_1_163' title='bbox 993 2531 1020 2588; x_wconf 82' lang='lat'><strong>5.</strong></span> <span class='ocrx_word' id='word_1_164' title='bbox 1043 2533 1070 2592; x_wconf 90' lang='grc'><strong>3.</strong></span> <span class='ocrx_word' id='word_1_165' title='bbox 1091 2549 1151 2607; x_wconf 91' lang='lat' dir='ltr'>quo</span> <span class='ocrx_word' id='word_1_166' title='bbox 1171 2531 1273 2589; x_wconf 88' lang='lat' dir='ltr'>minus</span> <span class='ocrx_word' id='word_1_167' title='bbox 1295 2531 1409 2589; x_wconf 87' lang='lat' dir='ltr'>mirum</span> 
     </span>
     <span class='ocr_line' id='line_1_21' title="bbox 231 2627 1408 2702; baseline 0.001 -17"><span class='ocrx_word' id='word_1_168' title='bbox 231 2632 278 2686; x_wconf 90' lang='lat' dir='ltr'>est</span> <span class='ocrx_word' id='word_1_169' title='bbox 297 2628 457 2688; x_wconf 90' lang='lat' dir='ltr'>nonnullos</span> <span class='ocrx_word' id='word_1_170' title='bbox 479 2673 485 2686; x_wconf 93' lang='lat'><strong>.</strong></span> <span class='ocrx_word' id='word_1_171' title='bbox 508 2672 516 2688; x_wconf 93' lang='lat'><strong>.</strong></span> <span class='ocrx_word' id='word_1_172' title='bbox 538 2673 544 2685; x_wconf 94' lang='lat'><strong>.</strong></span> <span class='ocrx_word' id='word_1_173' title='bbox 571 2628 763 2686; x_wconf 87' lang='lat' dir='ltr'>succumbere</span> <span class='ocrx_word' id='word_1_174' title='bbox 784 2627 878 2701; x_wconf 85' lang='grc'><strong>(1111.</strong></span> <span class='ocrx_word' id='word_1_175' title='bbox 902 2628 947 2687; x_wconf 88' lang='grc'>16.</span> <span class='ocrx_word' id='word_1_176' title='bbox 963 2629 991 2686; x_wconf 91' lang='grc'><strong>4.</strong></span> <span class='ocrx_word' id='word_1_177' title='bbox 1012 2629 1131 2686; x_wconf 92' lang='lat' dir='ltr'>nullum</span> <span class='ocrx_word' id='word_1_178' title='bbox 1152 2629 1331 2687; x_wconf 86' lang='lat' dir='ltr'>miraculum</span> <span class='ocrx_word' id='word_1_179' title='bbox 1354 2634 1408 2702; x_wconf 88' lang='lat' dir='ltr'>est,</span> 
     </span>
     <span class='ocr_line' id='line_1_22' title="bbox 232 2725 1408 2801; baseline 0.001 -18"><span class='ocrx_word' id='word_1_180' title='bbox 232 2725 259 2783; x_wconf 85' lang='lat' dir='ltr'>si</span> <span class='ocrx_word' id='word_1_181' title='bbox 284 2726 458 2785; x_wconf 82' lang='lat' dir='ltr'>Caecilius.</span> <span class='ocrx_word' id='word_1_182' title='bbox 480 2770 488 2787; x_wconf 91' lang='lat'><strong>.</strong></span> <span class='ocrx_word' id='word_1_183' title='bbox 510 2771 517 2783; x_wconf 95' lang='lat'><strong>.</strong></span> <span class='ocrx_word' id='word_1_184' title='bbox 538 2726 673 2798; x_wconf 87' lang='lat' dir='ltr'>iactetur,</span> <span class='ocrx_word' id='word_1_185' title='bbox 693 2729 816 2797; x_wconf 84' lang='lat' dir='ltr'>aestuet,</span> <span class='ocrx_word' id='word_1_186' title='bbox 841 2725 1013 2786; x_wconf 87' lang='lat' dir='ltr'>fluctuetur.</span> <span class='ocrx_word' id='word_1_187' title='bbox 1034 2726 1081 2784; x_wconf 86' lang='lat'><strong>32.</strong></span> <span class='ocrx_word' id='word_1_188' title='bbox 1104 2730 1131 2789; x_wconf 94' lang='grc'><strong>5.</strong></span> <span class='ocrx_word' id='word_1_189' title='bbox 1152 2745 1208 2786; x_wconf 84' lang='lat' dir='ltr'>nec</span> <span class='ocrx_word' id='word_1_190' title='bbox 1228 2727 1359 2801; x_wconf 84' lang='lat' dir='ltr'>mireris,</span> <span class='ocrx_word' id='word_1_191' title='bbox 1383 2727 1408 2786; x_wconf 91' lang='lat' dir='ltr'>si</span> 
     </span>
     <span class='ocr_line' id='line_1_23' title="bbox 231 2821 1408 2897; baseline 0.001 -15"><span class='ocrx_word' id='word_1_192' title='bbox 231 2823 327 2882; x_wconf 89' lang='lat' dir='ltr'>Deum</span> <span class='ocrx_word' id='word_1_193' title='bbox 352 2843 413 2883; x_wconf 92' lang='lat' dir='ltr'>nou</span> <span class='ocrx_word' id='word_1_194' title='bbox 437 2825 529 2883; x_wconf 80' lang='lat' dir='ltr'>vides.</span> <span class='ocrx_word' id='word_1_195' title='bbox 556 2826 603 2883; x_wconf 89' lang='grc'><strong>34.</strong></span> <span class='ocrx_word' id='word_1_196' title='bbox 625 2824 652 2882; x_wconf 86' lang='grc'><strong>5.</strong></span> <span class='ocrx_word' id='word_1_197' title='bbox 673 2824 715 2882; x_wconf 86' lang='lat' dir='ltr'>ita</span> <span class='ocrx_word' id='word_1_198' title='bbox 739 2821 816 2884; x_wconf 83' lang='lat' dir='ltr'>nihil</span> <span class='ocrx_word' id='word_1_199' title='bbox 841 2824 952 2881; x_wconf 88' lang='lat' dir='ltr'>mirum</span> <span class='ocrx_word' id='word_1_200' title='bbox 976 2829 1030 2897; x_wconf 80' lang='lat' dir='ltr'>est,</span> <span class='ocrx_word' id='word_1_201' title='bbox 1057 2825 1084 2882; x_wconf 89' lang='lat' dir='ltr'>si</span> <span class='ocrx_word' id='word_1_202' title='bbox 1108 2825 1168 2884; x_wconf 86' lang='lat' dir='ltr'>ista</span> <span class='ocrx_word' id='word_1_203' title='bbox 1192 2826 1287 2884; x_wconf 75' lang='lat' dir='ltr'>moles</span> <span class='ocrx_word' id='word_1_204' title='bbox 1314 2826 1353 2883; x_wconf 86' lang='lat' dir='ltr'>ab</span> <span class='ocrx_word' id='word_1_205' title='bbox 1374 2842 1408 2883; x_wconf 90' lang='grc'>11</span> 
     </span>
     <span class='ocr_line' id='line_1_24' title="bbox 231 2922 1408 2998; baseline 0.001 -17"><span class='ocrx_word' id='word_1_206' title='bbox 231 2940 290 2998; x_wconf 90' lang='lat' dir='ltr'>quo</span> <span class='ocrx_word' id='word_1_207' title='bbox 311 2927 463 2981; x_wconf 81' lang='lat' dir='ltr'>exstructa</span> <span class='ocrx_word' id='word_1_208' title='bbox 487 2927 533 2980; x_wconf 89' lang='lat' dir='ltr'>est</span> <span class='ocrx_word' id='word_1_209' title='bbox 553 2923 729 2980; x_wconf 84' lang='lat' dir='ltr'>destruatur.</span> <span class='ocrx_word' id='word_1_210' title='bbox 750 2922 800 2982; x_wconf 88' lang='lat'>38.</span> <span class='ocrx_word' id='word_1_211' title='bbox 821 2924 848 2980; x_wconf 90' lang='lat'>3.</span> <span class='ocrx_word' id='word_1_212' title='bbox 870 2922 961 2980; x_wconf 91' lang='lat' dir='ltr'>miror</span> <span class='ocrx_word' id='word_1_213' title='bbox 981 2924 1230 2998; x_wconf 83' lang='lat' dir='ltr'>quemadmodum</span> <span class='ocrx_word' id='word_1_214' title='bbox 1254 2925 1408 2998; x_wconf 85' lang='lat' dir='ltr'>tribuatis)</span> 
     </span>
     <span class='ocr_line' id='line_1_25' title="bbox 230 3019 1408 3098; baseline 0.003 -20"><span class='ocrx_word' id='word_1_215' title='bbox 230 3019 349 3094; x_wconf 88' lang='lat' dir='ltr'>Dubito,</span> <span class='ocrx_word' id='word_1_216' title='bbox 370 3021 514 3080; x_wconf 87' lang='lat' dir='ltr'>delibero:</span> <span class='ocrx_word' id='word_1_217' title='bbox 537 3022 583 3079; x_wconf 91' lang='lat'><strong>23.</strong></span> <span class='ocrx_word' id='word_1_218' title='bbox 601 3022 628 3079; x_wconf 95' lang='grc'><strong>9.</strong></span> <span class='ocrx_word' id='word_1_219' title='bbox 643 3019 718 3093; x_wconf 85' lang='lat' dir='ltr'>Quis</span> <span class='ocrx_word' id='word_1_220' title='bbox 738 3038 808 3095; x_wconf 88' lang='lat' dir='ltr'>ergo</span> <span class='ocrx_word' id='word_1_221' title='bbox 828 3021 944 3078; x_wconf 87' lang='lat' dir='ltr'>dubitat</span> <span class='ocrx_word' id='word_1_222' title='bbox 964 3021 1119 3079; x_wconf 90' lang='lat' dir='ltr'>hominum</span> <span class='ocrx_word' id='word_1_223' title='bbox 1139 3023 1287 3098; x_wconf 80' lang='lat' dir='ltr'>imagines</span> <span class='ocrx_word' id='word_1_224' title='bbox 1301 3041 1408 3081; x_wconf 88' lang='lat' dir='ltr'>conse-</span> 
     </span>
     <span class='ocr_line' id='line_1_26' title="bbox 230 3118 1407 3198; baseline 0.002 -22"><span class='ocrx_word' id='word_1_225' title='bbox 230 3125 324 3178; x_wconf 85' lang='lat' dir='ltr'>cratas</span> <span class='ocrx_word' id='word_1_226' title='bbox 349 3119 459 3194; x_wconf 78' lang='lat' dir='ltr'>vulgus</span> <span class='ocrx_word' id='word_1_227' title='bbox 484 3137 567 3178; x_wconf 84' lang='lat' dir='ltr'>omre</span> <span class='ocrx_word' id='word_1_228' title='bbox 590 3123 621 3177; x_wconf 88' lang='grc'>11</span> <span class='ocrx_word' id='word_1_229' title='bbox 646 3118 765 3194; x_wconf 82' lang='lat' dir='ltr'>publice</span> <span class='ocrx_word' id='word_1_230' title='bbox 790 3119 905 3177; x_wconf 85' lang='lat' dir='ltr'>colere?</span> <span class='ocrx_word' id='word_1_231' title='bbox 932 3119 978 3181; x_wconf 89' lang='lat'>38.</span> <span class='ocrx_word' id='word_1_232' title='bbox 1000 3121 1028 3180; x_wconf 89' lang='grc'><strong>2.</strong></span> <span class='ocrx_word' id='word_1_233' title='bbox 1050 3121 1119 3196; x_wconf 88' lang='lat' dir='ltr'>quis</span> <span class='ocrx_word' id='word_1_234' title='bbox 1144 3126 1246 3180; x_wconf 87' lang='lat' dir='ltr'>autem</span> <span class='ocrx_word' id='word_1_235' title='bbox 1271 3121 1326 3180; x_wconf 87' lang='lat' dir='ltr'>illc</span> <span class='ocrx_word' id='word_1_236' title='bbox 1355 3121 1407 3198; x_wconf 91' lang='lat' dir='ltr'>qui</span> 
     </span>
     <span class='ocr_line' id='line_1_27' title="bbox 230 3215 1406 3292; baseline 0.003 -18"><span class='ocrx_word' id='word_1_237' title='bbox 230 3215 345 3275; x_wconf 81' lang='lat' dir='ltr'>dubitat</span> <span class='ocrx_word' id='word_1_238' title='bbox 368 3217 468 3276; x_wconf 77' lang='lat' dir='ltr'>vernis</span> <span class='ocrx_word' id='word_1_239' title='bbox 492 3217 649 3292; x_wconf 80' lang='lat' dir='ltr'>indulgere</span> <span class='ocrx_word' id='word_1_240' title='bbox 673 3234 729 3275; x_wconf 90' lang='lat' dir='ltr'>nos</span> <span class='ocrx_word' id='word_1_241' title='bbox 749 3217 882 3278; x_wconf 74' lang='lat' dir='ltr'>floribus</span> <span class='ocrx_word' id='word_1_242' title='bbox 903 3220 950 3280; x_wconf 89' lang='grc'><strong>35.</strong></span> <span class='ocrx_word' id='word_1_243' title='bbox 971 3218 1001 3279; x_wconf 52' lang='lat' dir='ltr'>a</span> <span class='ocrx_word' id='word_1_244' title='bbox 1022 3235 1075 3278; x_wconf 91' lang='lat' dir='ltr'>eos</span> <span class='ocrx_word' id='word_1_245' title='bbox 1095 3223 1195 3276; x_wconf 87' lang='lat' dir='ltr'>autem</span> <span class='ocrx_word' id='word_1_246' title='bbox 1216 3219 1324 3278; x_wconf 86' lang='lat' dir='ltr'>merito</span> <span class='ocrx_word' id='word_1_247' title='bbox 1346 3223 1406 3278; x_wconf 87' lang='lat' dir='ltr'>tor-</span> 
     </span>
     <span class='ocr_line' id='line_1_28' title="bbox 229 3314 1405 3392; baseline 0 -16"><span class='ocrx_word' id='word_1_248' title='bbox 229 3315 314 3390; x_wconf 81' lang='lat' dir='ltr'>queri</span> <span class='ocrx_word' id='word_1_249' title='bbox 338 3315 392 3391; x_wconf 87' lang='lat' dir='ltr'>qui</span> <span class='ocrx_word' id='word_1_250' title='bbox 422 3314 519 3374; x_wconf 90' lang='lat' dir='ltr'>Deum</span> <span class='ocrx_word' id='word_1_251' title='bbox 543 3316 695 3389; x_wconf 85' lang='lat' dir='ltr'>nesciunt,</span> <span class='ocrx_word' id='word_1_252' title='bbox 724 3320 760 3373; x_wconf 88' lang='lat' dir='ltr'>ut</span> <span class='ocrx_word' id='word_1_253' title='bbox 787 3315 911 3390; x_wconf 86' lang='lat' dir='ltr'>impios,</span> <span class='ocrx_word' id='word_1_254' title='bbox 940 3321 975 3374; x_wconf 90' lang='lat' dir='ltr'>ut</span> <span class='ocrx_word' id='word_1_255' title='bbox 1004 3317 1146 3389; x_wconf 82' lang='lat' dir='ltr'>iniustos,</span> <span class='ocrx_word' id='word_1_256' title='bbox 1171 3317 1233 3375; x_wconf 86' lang='lat' dir='ltr'>nisi</span> <span class='ocrx_word' id='word_1_257' title='bbox 1258 3319 1405 3392; x_wconf 89' lang='lat' dir='ltr'>profanus</span> 
     </span>
     <span class='ocr_line' id='line_1_29' title="bbox 228 3412 1405 3486; baseline 0.005 -18"><span class='ocrx_word' id='word_1_258' title='bbox 228 3429 315 3470; x_wconf 91' lang='lat' dir='ltr'>nemo</span> <span class='ocrx_word' id='word_1_259' title='bbox 341 3412 484 3471; x_wconf 85' lang='lat' dir='ltr'>deliberat</span> <span class='ocrx_word' id='word_1_260' title='bbox 508 3413 574 3472; x_wconf 83' lang='grc'>11.</span> <span class='ocrx_word' id='word_1_261' title='bbox 600 3413 723 3471; x_wconf 88' lang='lat' dir='ltr'>dubitat.</span> <span class='ocrx_word' id='word_1_262' title='bbox 748 3413 1027 3486; x_wconf 71' lang='grc'><strong>11111111111111.</strong></span> <span class='ocrx_word' id='word_1_263' title='bbox 1050 3415 1099 3474; x_wconf 90' lang='grc'><strong>21.</strong></span> <span class='ocrx_word' id='word_1_264' title='bbox 1123 3415 1168 3474; x_wconf 91' lang='grc'>10.</span> <span class='ocrx_word' id='word_1_265' title='bbox 1189 3415 1255 3472; x_wconf 85' lang='lat' dir='ltr'>fieri</span> <span class='ocrx_word' id='word_1_266' title='bbox 1277 3433 1311 3473; x_wconf 90' lang='lat' dir='ltr'>se</span> <span class='ocrx_word' id='word_1_267' title='bbox 1331 3415 1405 3474; x_wconf 86' lang='lat' dir='ltr'>deos</span> 
     </span>
     <span class='ocr_line' id='line_1_30' title="bbox 227 3511 1404 3574; baseline 0.003 -7"><span class='ocrx_word' id='word_1_268' title='bbox 227 3515 365 3567; x_wconf 88' lang='lat' dir='ltr'>metuunt</span> <span class='ocrx_word' id='word_1_269' title='bbox 399 3511 447 3569; x_wconf 86' lang='lat'><strong>23.</strong></span> <span class='ocrx_word' id='word_1_270' title='bbox 475 3511 512 3569; x_wconf 90' lang='grc'>10</span> <span class='ocrx_word' id='word_1_271' title='bbox 538 3511 692 3568; x_wconf 90' lang='lat' dir='ltr'>erubescet</span> <span class='ocrx_word' id='word_1_272' title='bbox 716 3511 822 3569; x_wconf 86' lang='lat' dir='ltr'>timere</span> <span class='ocrx_word' id='word_1_273' title='bbox 846 3529 880 3569; x_wconf 88' lang='lat' dir='ltr'>se</span> <span class='ocrx_word' id='word_1_274' title='bbox 903 3511 1065 3570; x_wconf 87' lang='lat' dir='ltr'>materiem.</span> <span class='ocrx_word' id='word_1_275' title='bbox 1089 3512 1220 3570; x_wconf 79' lang='lat' dir='ltr'>Persem.</span> <span class='ocrx_word' id='word_1_276' title='bbox 1251 3515 1302 3574; x_wconf 81' lang='lat'><strong>37.</strong></span> <span class='ocrx_word' id='word_1_277' title='bbox 1323 3516 1353 3574; x_wconf 82' lang='lat'><strong>4.</strong></span> <span class='ocrx_word' id='word_1_278' title='bbox 1376 3518 1404 3572; x_wconf 91' lang='lat' dir='ltr'>et</span> 
     </span>
     <span class='ocr_line' id='line_1_31' title="bbox 228 3607 1402 3686; baseline 0.003 -22"><span class='ocrx_word' id='word_1_279' title='bbox 228 3613 300 3684; x_wconf 86' lang='lat' dir='ltr'>quot</span> <span class='ocrx_word' id='word_1_280' title='bbox 313 3627 351 3666; x_wconf 79' lang='lat' dir='ltr'>ox</span> <span class='ocrx_word' id='word_1_281' title='bbox 364 3607 476 3666; x_wconf 89' lang='lat' dir='ltr'>nostris</span> <span class='ocrx_word' id='word_1_282' title='bbox 496 3625 557 3666; x_wconf 93' lang='grc'>111</span> <span class='ocrx_word' id='word_1_283' title='bbox 577 3609 729 3667; x_wconf 85' lang='lat' dir='ltr'>dexteram</span> <span class='ocrx_word' id='word_1_284' title='bbox 749 3609 856 3684; x_wconf 93' lang='lat' dir='ltr'>solum,</span> <span class='ocrx_word' id='word_1_285' title='bbox 878 3609 931 3668; x_wconf 86' lang='lat' dir='ltr'>sed</span> <span class='ocrx_word' id='word_1_286' title='bbox 949 3614 1047 3668; x_wconf 85' lang='grc'><strong>111111</strong></span> <span class='ocrx_word' id='word_1_287' title='bbox 1067 3627 1176 3686; x_wconf 91' lang='lat' dir='ltr'>corpus</span> <span class='ocrx_word' id='word_1_288' title='bbox 1196 3611 1254 3685; x_wconf 89' lang='lat' dir='ltr'>uri,</span> <span class='ocrx_word' id='word_1_289' title='bbox 1276 3611 1402 3670; x_wconf 83' lang='lat' dir='ltr'>cremari</span> 
     </span>
     <span class='ocr_line' id='line_1_32' title="bbox 227 3705 781 3783; baseline 0.007 -20"><span class='ocrx_word' id='word_1_290' title='bbox 227 3705 293 3764; x_wconf 89' lang='lat' dir='ltr'>sine</span> <span class='ocrx_word' id='word_1_291' title='bbox 311 3706 384 3764; x_wconf 89' lang='lat' dir='ltr'>ullis</span> <span class='ocrx_word' id='word_1_292' title='bbox 404 3705 563 3765; x_wconf 86' lang='lat' dir='ltr'>eiulatibus</span> <span class='ocrx_word' id='word_1_293' title='bbox 583 3707 781 3783; x_wconf 80' lang='lat' dir='ltr'>pertulerunt.</span> 
     </span>
    </p>

    <p class='ocr_par' dir='ltr' id='par_1_8' title="bbox 225 3824 1402 4280">
     <span class='ocr_line' id='line_1_33' title="bbox 305 3824 1402 3903; baseline 0.005 -21"><span class='ocrx_word' id='word_1_294' title='bbox 305 3824 342 3882; x_wconf 91' lang='lat' dir='ltr'>In</span> <span class='ocrx_word' id='word_1_295' title='bbox 375 3824 656 3900; x_wconf 82' lang='lat' dir='ltr'>interrogationibus</span> <span class='ocrx_word' id='word_1_296' title='bbox 688 3826 842 3884; x_wconf 88' lang='lat' dir='ltr'>indirectis</span> <span class='ocrx_word' id='word_1_297' title='bbox 877 3845 951 3903; x_wconf 89' lang='lat' dir='ltr'>quas</span> <span class='ocrx_word' id='word_1_298' title='bbox 983 3833 1091 3886; x_wconf 80' lang='lat' dir='ltr'>vocant</span> <span class='ocrx_word' id='word_1_299' title='bbox 1126 3827 1280 3887; x_wconf 85' lang='lat' dir='ltr'>Minucius</span> <span class='ocrx_word' id='word_1_300' title='bbox 1312 3827 1402 3890; x_wconf 81' lang='lat' dir='ltr'>Felix</span> 
     </span>
     <span class='ocr_line' id='line_1_34' title="bbox 226 3923 1401 3998; baseline 0.006 -17"><span class='ocrx_word' id='word_1_301' title='bbox 226 3923 394 3998; x_wconf 84' lang='lat' dir='ltr'>promiscue</span> <span class='ocrx_word' id='word_1_302' title='bbox 413 3924 501 3982; x_wconf 90' lang='lat' dir='ltr'>modo</span> <span class='ocrx_word' id='word_1_303' title='bbox 522 3923 748 3982; x_wconf 78' lang='lat' dir='ltr'>coniunctivum</span> <span class='ocrx_word' id='word_1_304' title='bbox 767 3925 855 3983; x_wconf 89' lang='lat' dir='ltr'>modo</span> <span class='ocrx_word' id='word_1_305' title='bbox 875 3925 1070 3984; x_wconf 66' lang='lat' dir='ltr'>indicativum</span> <span class='ocrx_word' id='word_1_306' title='bbox 1089 3925 1217 3985; x_wconf 79' lang='lat' dir='ltr'>adhibet.</span> <span class='ocrx_word' id='word_1_307' title='bbox 1240 3927 1301 3986; x_wconf 78' lang='lat' dir='ltr'>Cir.</span> <span class='ocrx_word' id='word_1_308' title='bbox 1324 3931 1353 3988; x_wconf 84' lang='lat'><strong>5.</strong></span> <span class='ocrx_word' id='word_1_309' title='bbox 1375 3931 1401 3988; x_wconf 89' lang='lat'><strong>1.</strong></span> 
     </span>
     <span class='ocr_line' id='line_1_35' title="bbox 226 4021 1400 4101; baseline 0.004 -22"><span class='ocrx_word' id='word_1_310' title='bbox 226 4039 406 4098; x_wconf 82' lang='lat' dir='ltr'>quamquam</span> <span class='ocrx_word' id='word_1_311' title='bbox 430 4022 498 4094; x_wconf 83' lang='lat' dir='ltr'>tibi,</span> <span class='ocrx_word' id='word_1_312' title='bbox 523 4021 621 4081; x_wconf 80' lang='grc'><strong>1111111</strong></span> <span class='ocrx_word' id='word_1_313' title='bbox 641 4023 744 4096; x_wconf 81' lang='lat' dir='ltr'>frater,</span> <span class='ocrx_word' id='word_1_314' title='bbox 770 4023 886 4100; x_wconf 86' lang='lat' dir='ltr'>dequo</span> <span class='ocrx_word' id='word_1_315' title='bbox 906 4041 976 4082; x_wconf 89' lang='lat' dir='ltr'>oum</span> <span class='ocrx_word' id='word_1_316' title='bbox 994 4025 1125 4083; x_wconf 83' lang='lat' dir='ltr'>maxime</span> <span class='ocrx_word' id='word_1_317' title='bbox 1145 4026 1319 4101; x_wconf 87' lang='lat' dir='ltr'>quaerimus</span> <span class='ocrx_word' id='word_1_318' title='bbox 1339 4045 1400 4086; x_wconf 90' lang='lat' dir='ltr'>non</span> 
     </span>
     <span class='ocr_line' id='line_1_36' title="bbox 225 4121 1399 4201; baseline 0.006 -22"><span class='ocrx_word' id='word_1_319' title='bbox 225 4121 265 4179; x_wconf 82' lang='lat' dir='ltr'>ait</span> <span class='ocrx_word' id='word_1_320' title='bbox 284 4121 465 4198; x_wconf 80' lang='lat' dir='ltr'>ambiguum</span> <span class='ocrx_word' id='word_1_321' title='bbox 491 4123 538 4182; x_wconf 82' lang='grc'>17.</span> <span class='ocrx_word' id='word_1_322' title='bbox 559 4124 587 4182; x_wconf 80' lang='grc'><strong>5.</strong></span> <span class='ocrx_word' id='word_1_323' title='bbox 608 4123 668 4182; x_wconf 89' lang='lat' dir='ltr'>iam</span> <span class='ocrx_word' id='word_1_324' title='bbox 688 4123 766 4183; x_wconf 88' lang='lat' dir='ltr'>scies</span> <span class='ocrx_word' id='word_1_325' title='bbox 786 4142 877 4201; x_wconf 83' lang='lat' dir='ltr'>quarn</span> <span class='ocrx_word' id='word_1_326' title='bbox 897 4123 937 4182; x_wconf 89' lang='lat' dir='ltr'>sit</span> <span class='ocrx_word' id='word_1_327' title='bbox 955 4124 990 4181; x_wconf 92' lang='lat' dir='ltr'>in</span> <span class='ocrx_word' id='word_1_328' title='bbox 1009 4142 1044 4183; x_wconf 90' lang='lat' dir='ltr'>eo</span> <span class='ocrx_word' id='word_1_329' title='bbox 1066 4125 1176 4184; x_wconf 89' lang='lat' dir='ltr'>smnmi</span> <span class='ocrx_word' id='word_1_330' title='bbox 1201 4125 1399 4186; x_wconf 87' lang='lat' dir='ltr'>moderatoris</span> 
     </span>
     <span class='ocr_line' id='line_1_37' title="bbox 226 4219 617 4280; baseline -0.005 0"><span class='ocrx_word' id='word_1_331' title='bbox 226 4219 301 4280; x_wconf 82' lang='lat' dir='ltr'>mira</span> <span class='ocrx_word' id='word_1_332' title='bbox 319 4225 350 4280; x_wconf 85' lang='lat' dir='ltr'>et</span> <span class='ocrx_word' id='word_1_333' title='bbox 370 4220 472 4279; x_wconf 76' lang='lat' dir='ltr'>diune</span> <span class='ocrx_word' id='word_1_334' title='bbox 489 4219 617 4280; x_wconf 81' lang='lat' dir='ltr'>libratio.</span> 
     </span>
    </p>
   </div>
   <div class='ocr_carea' id='block_1_5' title="bbox 0 0 1506 4948">
    <p class='ocr_par' dir='ltr' id='par_1_9' title="bbox 0 0 1506 4948">
     <span class='ocr_line' id='line_1_38' title="bbox 0 0 1506 4948; baseline 0 7"><span class='ocrx_word' id='word_1_335' title='bbox 0 0 1506 4948; x_wconf 95' lang='lat' dir='ltr'> </span> 
     </span>
    </p>
   </div>
  </div>
 </body>
</html>
