3004 4948
834 307 852 360 4

256 486 374 548 dicendi
384 505 492 563 genere
502 485 569 545 duri
583 490 672 563 atque
686 486 806 562 horridi,
821 485 852 544 id
866 489 944 546 certe
958 505 976 545 1
989 486 1084 563 patria
1097 489 1257 546 traxerunt.
1273 488 1322 561 (cl.
1334 486 1441 566 Oarol

256 585 336 644 Sittl.
357 586 474 659 librum,
495 585 547 662 qui
573 583 757 644 inscribitur:
806 583 875 643 »Dic
903 584 1018 644 localcn
1049 581 1353 644 Verschiedenheiten
1382 587 1443 643 dcr

255 685 451 744 lateinischen
477 684 618 761 Sprache,
646 684 701 742 mit
729 684 905 744 besonderer
930 685 1218 760 Berdcksichtigung
1243 685 1295 743 des
1320 686 1443 744 1111111-

255 785 382 843 nischen
396 784 541 858 Latcins«,
561 783 710 858 Mrlangen
733 783 832 858 1882.)

334 883 401 942 Jam
425 882 473 940 bis
499 882 535 941 de
560 885 654 940 aetate
679 900 713 940 ac
738 881 800 940 vita
819 880 943 940 Minucii
970 881 1075 941 Felicis
1102 881 1228 941 strictim
1253 883 1443 959 praemissis

254 986 442 1041 transcamus
455 981 492 1040 ad
506 981 615 1040 librum
631 981 731 1057 ipsum
745 982 781 1039 ab
795 999 829 1039 eo
844 981 1054 1057 conscriptum,
1076 999 1135 1057 quo
1156 983 1270 1058 primus
1292 983 1442 1042 omnium

254 1081 343 1138 fidem
370 1079 569 1140 Christianam
599 1098 616 1137 1
646 1097 830 1155 paganorum
855 1080 1021 1156 opprobriis
1047 1078 1220 1140 vindicavit.
1265 1081 1309 1138 Ac
1334 1098 1442 1156 genus

255 1179 381 1252 dicendi,
400 1183 434 1236 ut
447 1177 472 1239 F
474 1178 603 1238 rancisci
617 1176 756 1236 Balduini
770 1177 867 1236 verbis
881 1182 955 1252 utar,
978 1179 1025 1251 (cf.
1040 1178 1142 1238 Franc.
1156 1178 1295 1236 Balduini
1309 1178 1439 1236 dissert.

254 1277 292 1336 de
310 1278 348 1336 M.
363 1277 434 1335 Min.
448 1277 507 1336 nel.
523 1275 644 1336 Octavio
665 1276 698 1334 11
717 1275 786 1333 edit.
808 1274 1008 1336 Lindneriana
1027 1295 1056 1352 p.
1079 1276 1151 1352 279)
1171 1281 1332 1351 »argutum
1356 1295 1441 1337 acre.

254 1376 422 1452 vehemens,
448 1380 494 1434 est
518 1391 663 1452 pressum,
689 1373 824 1448 densum,
846 1391 1013 1446 nervosum,
1034 1374 1144 1432 crebris
1166 1375 1326 1433 sententiis
1349 1393 1440 1432 com-

254 1479 388 1550 pactum,
410 1474 603 1550 omniumque
626 1471 837 1548 antiquitatum
855 1477 945 1548 atquc
965 1472 1155 1530 historiarum
1176 1473 1319 1531 memoria
1340 1474 1440 1532 refer-

254 1579 320 1632 tum
345 1579 375 1633 et
399 1575 432 1632 in
457 1591 516 1650 quo
541 1573 642 1649 plures
668 1573 831 1631 sententias
857 1591 946 1649 quam
971 1573 1109 1648 periodos
1130 1591 1285 1632 numerare
1305 1575 1439 1649 possis«.

254 1671 452 1732 Luebhertius
471 1691 589 1751 quoque
602 1673 779 1748 elegantiam
798 1691 832 1732 ao
846 1675 1031 1730 venustatem
1052 1673 1197 1731 sermonis
1217 1673 1300 1732 illius
1327 1673 1440 1730 laudat

254 1771 286 1833 in
301 1773 430 1832 editione
445 1791 498 1831 111
511 1792 578 1849 pag.
594 1773 633 1831 30
655 1791 699 1848 sq.
715 1771 809 1845 Quam
830 1773 866 1830 ob
886 1790 949 1830 rem
970 1790 1075 1848 operae
1095 1773 1224 1848 pretium
1244 1791 1310 1832 esse
1330 1774 1439 1831 iudico

254 1874 287 1931 in
307 1891 403 1948 genus
424 1873 541 1932 dicendi
562 1873 686 1931 Minucii
706 1872 814 1930 Felicis
834 1871 1001 1930 accuratius
1022 1872 1178 1948 inquirere.

334 1973 437 2032 Restat
456 1977 491 2030 ut
510 1973 599 2030 verba
620 1971 782 2030 secundum
803 1971 962 2030 editionem
976 1969 1073 2030 Caroli
1087 1972 1199 2030 Halmii
1220 1968 1438 2046 (Vindobonae

256 2071 345 2146 1867)
367 2069 479 2146 scripta
499 2088 565 2130 esse
585 2087 821 2143 commemorem,
842 2069 927 2128 cuius
948 2069 1027 2130 11111
1047 2070 1216 2146 philologos
1236 2071 1301 2129 iure
1322 2087 1438 2144 magna

254 2175 300 2228 est
317 2170 489 2244 auctoritas,
511 2169 590 2246 quod
603 2168 779 2227 lectionibus
793 2186 831 2226 cx
844 2168 944 2227 codice
959 2168 1093 2227 Parisino
1108 2170 1257 2246 excerptis
1278 2169 1434 2245 plurimos
1484 2213 1485 2236 ,

253 2269 334 2327 11111
354 2269 479 2328 feliciter
503 2269 678 2328 emendavit.
722 2267 816 2341 Quam
841 2268 1002 2327 editionem
1028 2268 1154 2327 summis
1178 2269 1317 2327 laudibus
1343 2268 1437 2325 effert

254 2369 333 2426 inter
353 2368 428 2426 alios
449 2368 542 2428 Mam.
563 2367 721 2444 Hauptius,
742 2368 827 2426 cuius
848 2368 936 2426 verba
955 2367 1029 2426 haec
1049 2371 1134 2428 sunt:
1174 2367 1225 2424 »In
1246 2366 1436 2425 emendando

254 2467 378 2526 Minucii
408 2466 514 2525 Felicis
545 2465 667 2526 Octavio
693 2467 816 2526 Carolus
841 2465 978 2524 Halmius
1008 2467 1120 2543 paratis
1145 2466 1303 2542 diligenter
1333 2467 1435 2541 copiis
1485 2519 1486 2534 ,

255 2583 369 2642 suoque
396 2565 515 2640 ingenio
541 2568 606 2626 tam
631 2565 765 2624 sollerter
786 2583 859 2624 usus
881 2569 935 2639 est,
956 2569 990 2622 ut
1010 2566 1154 2624 iudicium
1175 2566 1239 2624 1111
1259 2583 1326 2623 1111
1347 2566 1434 2622 vidc—
1485 2567 1486 2570 ’

254 2670 321 2724 1111
336 2683 397 2723 111
414 2663 598 2740 probandum
616 2682 682 2724 esse
696 2665 744 2738 (cf.
758 2663 852 2724 Maur.
867 2661 978 2740 Haupt.
994 2682 1093 2741 opusc.
1108 2664 1165 2722 vol.
1180 2667 1207 2722 3.
1222 2682 1289 2740 pag.
1305 2664 1363 2721 389
1372 2667 1434 2740 sq.)

255 2764 408 2822 Usenerus
429 2781 547 2840 quoque
567 2763 696 2822 laborem
716 2763 805 2822 illum
824 2763 861 2822 ab
881 2763 1000 2822 Halmio
1022 2768 1195 2844 susceptum
1216 2763 1431 2838 gravissimum

257 2867 347 2940 atque
359 2862 555 2920 utilissimum
569 2863 663 2921 fuisse
677 2863 829 2921 contendit
842 2863 874 2920 in
888 2880 955 2920 ann.
969 2861 1110 2920 Fleckeis.
1133 2863 1200 2938 (vol.
1216 2863 1253 2922 99
1264 2881 1330 2938 pag.
1347 2865 1430 2936 397),

254 2962 305 3019 ubi
323 2961 402 3020 idem
423 2960 531 3036 dialogi
551 2961 645 3020 nostri
665 2967 872 3038 argumentum
893 2960 997 3037 paucis
1017 2961 1167 3037 exposuit.

337 3058 462 3120 Omnem
482 3064 582 3118 autem
602 3060 755 3119 materiam
774 3060 832 3118 hoc
852 3057 884 3120 11
904 3059 1067 3135 specimine
1086 3059 1129 3118 111
1148 3059 1268 3135 digessi,
1288 3065 1323 3118 ut
1343 3061 1430 3120 Taci-

254 3161 332 3216 team
367 3159 509 3232 syntaxin
544 3177 561 3216 1
589 3159 737 3234 Draegero
766 3158 965 3234 conscriptam
995 3157 1088 3234 (Lips.
1115 3159 1208 3235 1874)
1234 3160 1430 3236 eiusdemque

253 3258 474 3332 grammaticam
502 3257 674 3316 historicam
705 3262 824 3316 secutus
854 3257 949 3334 (Lips.
976 3260 1064 3332 1881)
1095 3259 1227 3334 singulas
1257 3278 1305 3318 rcs
1335 3260 1428 3318 adno-

253 3360 349 3416 tarem
382 3360 471 3432 atque
499 3355 646 3432 exemplis
676 3356 904 3432 comprobarem.
961 3354 1039 3418 Nam
1069 3358 1202 3415 ordinem
1231 3377 1248 3415 a
1278 3359 1428 3434 Draegero

254 3456 456 3530 observatum,
485 3456 602 3514 etiamsi
627 3455 701 3514 milii
726 3473 787 3514 non
812 3457 893 3514 omni
918 3475 956 3515 ex
980 3463 1065 3534 partc
1090 3457 1213 3532 placuit,
1239 3461 1339 3518 tamen
1365 3477 1428 3534 quo

253 3555 351 3631 aptior
364 3555 401 3613 ad
421 3572 510 3614 usum
531 3558 611 3613 esset
630 3555 703 3612 haec
723 3555 939 3630 commentatio,
960 3557 1135 3632 plerumque
1155 3556 1342 3615 retinendum
1357 3575 1428 3616 esse

253 3655 364 3713 censui.
407 3652 528 3716 Ceteros
548 3654 638 3713 libros
659 3654 767 3731 quibus
787 3655 917 3712 maxime
937 3673 1009 3713 usus
1031 3673 1106 3730 sum,
1128 3673 1182 3714 suo
1202 3656 1267 3715 loco
1288 3657 1425 3717 laudabc.

253 3757 351 3830 Atque
375 3771 438 3812 rem
462 3755 504 3812 ita
528 3753 697 3829 instituam,
722 3758 757 3811 ut
781 3754 813 3812 in
838 3755 935 3830 priore
960 3759 1044 3829 parte
1070 3756 1106 3814 dc
1130 3757 1217 3814 rebus
1240 3756 1424 3830 syntecticis,

253 3853 286 3912 in
306 3852 469 3930 posteriore
489 3853 526 3912 de
547 3853 616 3912 stilo
637 3853 703 3929 ipso
724 3853 762 3911 M.
784 3852 907 3910 Minucii
930 3850 1039 3912 Felicis
1061 3854 1219 3930 disputem.

729 4097 939 4105 —-——-
