3004 4948
828 275 862 329 36

338 455 449 514 Velut
469 473 523 531 pro
543 455 685 514 velutsi
705 455 838 531 positum
858 457 904 513 est
924 455 951 514 3.
967 455 993 512 3.
1007 453 1090 512 velut
1104 455 1249 512 sterneret
1262 453 1436 512 ambulacro

257 553 312 628 (De
333 555 389 613 hoo
408 572 474 614 raro
495 571 553 612 usu
572 554 661 612 verba
680 553 751 612 facit
770 553 946 611 Kuehnerus
967 551 986 609 l.
1008 571 1036 627 g.
1058 552 1090 610 II
1111 569 1178 628 pag.
1202 552 1280 626 966.)

337 653 373 712 Si
401 671 454 731 pro
479 652 615 710 utinam
637 670 705 710 cum
728 651 915 710 coniunctivo
939 651 1062 726 perfecti
1093 650 1229 708 iunctum
1260 650 1436 708 invenimus

256 749 304 811 18.
327 753 372 811 11.
396 751 422 809 si
443 751 515 809 deus
536 750 659 810 dederit.

346 854 392 916 Dc
417 855 590 917 enuntiatis
615 854 825 916 concessivis.

334 956 550 1035 Quamquam
574 976 642 1016 cum
667 957 854 1016 coniunctivo
879 957 1025 1030 iunctum,
1052 957 1103 1033 qui
1132 961 1178 1015 est
1198 973 1271 1014 usus
1293 955 1434 1013 Taciteus

155 1099 160 1107 .
253 1058 329 1114 teste
354 1055 512 1130 Draegem,
539 1056 618 1132 apud
643 1055 807 1114 Minucium
832 1055 959 1114 Felicem
984 1059 1089 1114 exstat.
1136 1055 1162 1112 5.
1192 1056 1216 1112 1.
1244 1053 1433 1131 Quamquam

253 1153 316 1228 tibi,
330 1153 427 1212 Marce
440 1154 538 1228 frater,
560 1155 596 1212 de
610 1172 668 1230 quo
682 1171 750 1212 cum
769 1153 896 1212 maxime
918 1153 1095 1229 quaerimus,
1116 1171 1176 1211 non
1198 1153 1238 1211 sit
1257 1152 1433 1227 ambiguum

254 1297 283 1310 ..
300 1297 306 1310 .
323 1296 330 1325 ‚
350 1252 630 1328 inpraesentiarum
644 1257 742 1310 tamen
756 1251 798 1309 ita
811 1251 865 1309 tibi
881 1251 1085 1309 informandus
1105 1255 1151 1310 est
1171 1251 1297 1324 animus,
1319 1269 1389 1326 eq.
1406 1269 1431 1310 s.

255 1350 300 1409 14.
323 1350 351 1411 3.
377 1369 556 1426 quamquam
581 1367 722 1425 magnum
747 1349 779 1408 in
805 1351 926 1408 modum
951 1367 1000 1408 me
1021 1350 1123 1408 subtili
1143 1349 1282 1408 varietate
1303 1354 1354 1407 tua
1381 1349 1431 1406 de-

253 1449 371 1510 lectarit
391 1449 491 1508 oratio.
534 1453 580 1511 26.
597 1454 622 1510 7.
639 1469 817 1528 quamquam
830 1451 909 1510 inter
929 1452 1023 1510 multa
1042 1450 1195 1509 mendacia
1215 1451 1309 1510 videri
1330 1452 1432 1528 possit

252 1548 431 1621 industriam
445 1567 532 1608 casus
546 1549 688 1624 imitatus,
709 1551 862 1626 adgrediar
883 1555 982 1609 tamen
1004 1596 1010 1609 .
1032 1595 1039 1611 .
1063 1595 1070 1608 .
1092 1549 1227 1608 31111
1248 1567 1431 1626 quamquam

252 1647 402 1723 imperitia
422 1647 478 1706 Dei
500 1649 627 1706 sufficiat
648 1649 685 1706 ad
705 1667 840 1724 poenam.
1354 1698 1359 1708 .

333 1763 544 1822 quamquam
569 1747 640 1808 etsi
663 1747 709 1808 11.
732 1745 757 1806 5,
783 1765 961 1824 quamquam
981 1747 1154 1806 1111111111
1175 1746 1282 1819 darem,
1309 1746 1429 1822 culpam

252 1848 352 1902 tamen
377 1844 424 1902 vel
448 1844 649 1904 innocentiam
673 1847 733 1904 fato
759 1847 850 1905 tribui
876 1846 1024 1905 sententia
1044 1849 1090 1904 111
1110 1845 1315 1921 plurimorum,
1337 1847 1429 1904 etiam

254 1947 351 2001 vestra
371 1943 527 2002 consensio
549 1949 603 2002 est.

333 2039 528 2121 quamlibet
543 2045 591 2104 37.
602 2046 629 2104 9.
644 2047 674 2101 et
688 2043 849 2120 quamlibet
863 2044 905 2102 sis
919 2044 1013 2103 multo
1023 2043 1164 2102 comitatu
1174 2043 1310 2119 stipatus.
1326 2043 1427 2118 (Drae

252 2157 341 2214 genus
362 2139 394 2198 in
416 2158 438 2198 1.
460 2142 488 2199 h.
510 2142 542 2200 ΙΙ
561 2161 627 2218 pag.
651 2143 732 2216 771)

333 2237 445 2311 Quibus
470 2239 544 2300 adde
568 2242 623 2300 hos
648 2242 742 2302 locos:
789 2244 815 2302 5.
844 2245 879 2302 7.·
897 2243 957 2301 sint
982 2243 1129 2324 principio
1155 2243 1287 2301 omnium
1313 2243 1428 2301 semina

251 2343 357 2396 natura
372 2339 405 2396 in
420 2357 451 2398 se
466 2346 589 2400 coeunte
603 2342 733 2416 densata,
755 2342 823 2419 quis
836 2343 886 2402 hic
898 2347 999 2402 auctor
1013 2344 1104 2402 deus?
1126 2343 1186 2402 sint
1207 2387 1215 2403 .
1237 2387 1244 2403 .
1266 2388 1272 2400 .
1294 2343 1430 2403 membra

252 2437 365 2512 coalita,
391 2438 514 2514 digesta,
539 2441 672 2515 formata,
698 2442 766 2518 quis
791 2442 864 2500 deus
889 2443 1090 2502 machinator?
1132 2443 1227 2501 sideru
1251 2442 1321 2500 licet
1347 2443 1429 2517 ignis

253 2537 418 2596 accenderit
438 2544 467 2597 et
485 2540 598 2598 caelum
617 2541 687 2599 licet
708 2559 761 2600 sua
781 2541 904 2600 materia
925 2541 1122 2619 suspenderit,
1144 2541 1214 2599 licet
1235 2545 1344 2599 terram
1366 2559 1431 2599 sua

253 2636 422 2695 fundaverit
447 2639 577 2713 pondere
601 2645 631 2698 et
655 2658 736 2698 11111
760 2640 831 2698 licet
856 2640 1032 2698 confluxerit
1056 2659 1072 2698 e
1097 2641 1225 2717 liquore,
1251 2641 1332 2698 unde
1357 2641 1431 2698 haec

252 2734 364 2810 religio,
379 2735 458 2794 unde
471 2737 615 2796 formido?
650 2739 696 2797 36.
715 2739 740 2797 1.
756 2739 796 2798 111
811 2757 874 2798 1111
887 2739 1031 2814 fortunae,
1052 2758 1137 2799 mens
1151 2744 1251 2800 tamen
1265 2739 1359 2798 libera
1373 2744 1430 2798 111.

334 2835 492 2911 quamvis
524 2855 592 2895 cum
616 2837 777 2896 indicativo
802 2838 937 2896 iunctum
962 2836 1071 2913 legitur
1110 2838 1158 2899 35.
1180 2841 1208 2900 5.
1234 2838 1371 2915 quamvis
1397 2838 1431 2895 in

252 2933 407 2992 nonnullis
429 2933 588 3010 disciplina
607 2940 709 2995 nostra
729 2936 826 2995 minor
846 2941 900 2996 cst.

735 3185 948 3194 ———-——.

818 3503 864 3560 V.

554 3683 611 3745 De
634 3682 820 3761 gerundio
845 3683 884 3748 et
906 3684 1122 3767 participio.

335 3875 463 3934 Ablativi
488 3878 624 3952 gerundii
650 3897 717 3936 1111
743 3879 909 3938 accusativo
930 3881 1035 3938 obiecti
1056 3882 1206 3940 coniuncti
1227 3901 1299 3943 usus
1320 3885 1391 3945 inde
1412 3907 1430 3946 a

254 3971 334 4030 Livii
355 3977 450 4032 aetate
472 3975 654 4053 observatum
678 3996 716 4035 ex
736 3977 865 4036 Minucio
891 3976 989 4038 Felice
1009 3982 1144 4056 excerpsi
1164 3981 1221 4039 hoc
1241 3984 1428 4059 exemplum:

256 4069 303 4129 37.
326 4073 370 4133 12.
392 4073 471 4130 idem
491 4073 561 4133 deos
581 4080 695 4134 vestros
716 4076 866 4136 induendo
888 4082 998 4153 stupra,
1021 4079 1155 4154 suspiria,
1178 4081 1244 4138 odia
1264 4081 1427 4141 dedecorat.

336 4169 490 4229 Ablatiuis
505 4173 639 4247 gerundii
653 4175 801 4251 participii
816 4177 980 4252 praesentis
999 4177 1062 4234 vice
1083 4178 1225 4252 fungitur,
1247 4180 1331 4238 cuius
1353 4199 1428 4240 usus

256 4269 375 4330 Livium
400 4271 636 4330 amantissimum
661 4273 754 4332 fuisse
779 4274 945 4351 Draegerus
970 4275 998 4334 h.
1027 4293 1049 4335 s.
1075 4277 1106 4336 H
1119 4267 1185 4337 ,847
1207 4283 1357 4356 memorat]
1378 4280 1428 4342 his
