3004 4948
818 241 852 298 10

252 417 405 480 contrariis
430 427 460 480 et
483 423 716 498 repugnantibus
748 425 794 484 16.
819 425 848 483 4.
878 423 914 482 de
938 421 1143 502 praesentibus
1175 422 1219 485 12.
1245 425 1270 484 1.
1300 425 1416 500 praete-

252 520 308 578 rita
333 523 358 578 1.
386 525 408 580 1.
435 521 466 578 in
486 521 607 580 ludicris
633 526 662 580 et
689 523 774 580 seriis
806 525 830 580 1.
853 525 879 581 3.
905 523 937 579 in
958 522 1042 580 seriis
1067 524 1094 580 4.
1116 525 1142 581 3.
1169 523 1292 580 honesta
1318 522 1363 580 10.
1387 523 1415 582 2.

252 619 283 678 10
304 619 416 678 10110110
437 623 472 681 31
496 625 522 680 4.
545 621 576 680 in
596 623 729 682 adversis
751 623 798 682 36.
809 624 837 681 0.
858 621 954 680 0101110
977 621 1059 679 127.
1086 623 1252 680 communia
1272 623 1415 697 (gemein-

253 735 332 776 same
353 717 454 793 Uebel)
481 721 525 777 12.
548 721 574 777 4.
596 721 670 779 falsa
690 720 791 796 (Trug)
813 722 861 780 27.
885 721 909 778 1.
931 720 968 778 de
988 720 1148 794 incognitis
1168 725 1198 778 et
1218 719 1416 796 inexploratis

252 817 330 876 281
353 819 389 876 de
409 819 543 878 virilibus
564 821 610 878 28.
634 822 676 880 10.
698 839 752 896 per
772 820 910 896 universa¹
934 819 976 880 10.
998 821 1024 878 5.
1047 819 1123 878 inter
1144 820 1300 896 praecipua
1323 820 1416 879 17.1.

251 916 296 975 De
316 918 468 978 adiectivis
489 938 555 978 oum
577 919 707 995 genitivo
729 920 977 978 substantivorum
998 918 1163 976 coniunctis
1183 919 1260 977 10100
1273 919 1395 978 (1100100.

331 1035 527 1094 Substantivis
552 1037 700 1096 Minucius
731 1054 817 1112 saepe
846 1035 980 1111 adiungit
1008 1036 1162 1106 adiectiva,
1193 1054 1318 1112 quorum
1348 1037 1417 1094 loco

252 1135 434 1194 substantiva
458 1137 490 1194 in
515 1137 645 1211 genitivo
670 1155 740 1196 casu
766 1137 862 1212 posita
887 1141 1049 1212 exspectes,
1076 1153 1134 1212 quo
1159 1135 1191 1192 10
1216 1153 1273 1193 usu
1294 1135 1416 1193 Tacitus

252 1233 412 1308 plurimum
438 1235 494 1292 sibi
519 1235 655 1293 licentiae
680 1234 832 1293 concessit.
873 1233 1017 1310 Exempla
1040 1251 1179 1292 enumero
1203 1235 1288 1292 haee:
1315 1253 1332 1291 a
1357 1238 1416 1292 ter-

251 1350 321 1390 rena
344 1333 408 1391 labe
433 1332 571 1392 Schmutz
597 1334 648 1392 der
668 1333 745 1392 Erde
766 1334 792 1389 3.
814 1332 841 1390 5.
868 1333 1025 1392 hostilibus
1050 1333 1204 1392 moenibus
1230 1335 1256 1392 6.
1279 1334 1305 1390 2.
1327 1332 1417 1390 lactei

251 1431 326 1488 roris
353 1431 398 1490 18.
424 1433 450 1488 2.
476 1432 607 1490 00000110
632 1432 774 1490 imbribus
801 1428 932 1506 Tropfen
957 1431 1060 1489 Blutes
1085 1431 1131 1490 23.
1153 1433 1181 1489 4.
1212 1431 1417 1508 propinquum

252 1529 426 1602 sanguinem
451 1529 496 1588 25.
518 1532 544 1588 3.
571 1531 606 1587 ab
627 1531 754 1587 humano
776 1530 919 1604 sanguine
949 1529 995 1586 30.
1018 1532 1043 1588 6.
1074 1529 1137 1602 (sed
1162 1530 1257 1588 305.
1285 1528 1416 1588 hominis

252 1625 406 1701 sanguiue)
433 1627 530 1686 vernis
556 1628 677 1685 floribus
703 1628 749 1684 38.
772 1629 798 1684 2
822 1629 847 1685 1.
874 1627 936 1698 (sed
958 1628 1005 1687 38.
1027 1629 1053 1686 2.
1076 1629 1102 1686 2.
1123 1646 1221 1686 00000
1246 1627 1335 1702 00010)
1356 1627 1415 1684 Rc-

251 1743 337 1784 mana
348 1725 517 1801 superstitio
530 1727 573 1784 10.
586 1726 612 1782 3,
623 1725 736 1783 iustitia
745 1725 876 1783 Romana
886 1725 932 1782 25.
946 1727 970 1783 1.
981 1727 1112 1784 Romana
1121 1727 1243 1784 numina
1255 1728 1300 1786 10.
1311 1726 1338 1783 4.
1350 1744 1416 1784 cae-

251 1823 336 1881 lestis
358 1840 513 1898 compages
530 1824 575 1880 11.
593 1823 617 1880 1.
640 1823 803 1898 exploratio
824 1823 926 1884 divina
947 1827 972 1882 5.
995 1826 1021 1882 5.
1043 1824 1199 1899 populares
1220 1825 1290 1883 deos
1311 1823 1417 1883 thter

251 1921 303 1979 des
324 1921 435 1981 Volkes
462 1924 509 1983 10.
532 1927 557 1982 7.
584 1923 646 1998 (sed
670 1925 713 1981 19.
740 1924 782 1982 10.
808 1923 889 1998 vulgi
911 1924 991 1998 deos)
1017 1924 1147 1984 comicus
1169 1941 1264 1982 sermo
1286 1923 1417 1999 Sprache

251 2020 302 2079 des
324 2018 611 2082 Comddiendiclrters
633 2039 671 2079 sc.
698 2021 826 2080 Terentii
852 2025 898 2081 21.
920 2023 946 2082 2.
972 2057 1011 2065 -
1032 2021 1163 2081 00011101
1188 2022 1323 2080 obiectivi
1348 2022 1415 2080 loco

252 2121 348 2195 posita
362 2125 443 2178 sunt:
466 2139 535 2179 cura
548 2120 698 2183 iudiciaria
713 2122 739 2178 2.
754 2123 782 2180 3.
797 2127 878 2180 metu
891 2122 993 2181 hostili
1009 2121 1034 2178 7.
1051 2124 1078 2183 3.
1095 2121 1201 2180 solacio
1215 2120 1346 2179 redivivo
1362 2143 1415 2163 Ξ

252 2218 359 2278 solacio
380 2219 603 2277 resurrectionis
624 2221 651 2277 8.
673 2222 701 2277 5.
722 2219 815 2278 aniles
835 2220 950 2278 fabulae
973 2221 1019 2280 11.
1041 2222 1069 2280 2.

330 2337 482 2394 Adiectiva
503 2354 555 2411 pro
582 2336 726 2395 adverbiis
753 2337 849 2413 posita
869 2355 885 2396 e
906 2337 1034 2396 Minucio
1054 2337 1150 2396 Felice
1171 2335 1242 2396 haec
1262 2338 1412 2396 adnotavi:
1485 2361 1486 2364 ¹

251 2434 349 2492 haeret
378 2434 485 2492 anxius
513 2436 556 2493 16.
584 2435 610 2491 3.
640 2435 728 2492 auxia
753 2441 782 2493 et
809 2436 935 2494 sollicita
959 2435 1085 2511 vestigat
1110 2437 1156 2493 22.
1184 2437 1209 2493 2.
1236 2437 1414 2512 praecipuus

251 2534 370 2592 miscuit
384 2534 430 2591 23.
446 2533 472 2590 3.
487 2533 594 2592 tacitus
608 2535 709 2592 000100
731 2535 777 2593 40.
796 2537 819 2592 1.
842 2535 950 2592 tardior
972 2539 1106 2610 pergeret
1129 2537 1215 2593 134.
1239 2535 1357 2593 solliciti
1373 2569 1414 2576 —

251 2631 409 2706 diligenter
423 2637 567 2708 quantum
587 2637 685 2708 potest
706 2633 901 2708 ponderemus
923 2633 1040 2708 0100010
1059 2633 1114 2690 010
1127 2634 1234 2692 wollen
1249 2634 1412 2708 0000101110,

250 2748 353 2805 genau,
368 2730 444 2788 nach
457 2730 588 2802 Krdftan,
609 2731 661 2788 das
682 2731 823 2788 Einzelne
843 2732 982 2806 abwitgen
1007 2732 1050 2793 14.
1072 2731 1099 2791 7.
1121 2730 1254 2808 plerique
1274 2749 1328 2808 pro
1348 2732 1412 2808 ple·

249 2847 374 2905 rumque
394 2829 440 2886 36.
462 2830 489 2887 3.
511 2829 644 2906 plerique
664 2849 807 2906 pauperes
828 2831 961 2890 dicimur.

329 2947 413 3004 Unus
437 2946 519 3004 locus
539 2951 645 3020 exstat,
671 2948 719 3004 ubi
742 2947 917 3005 substantivi
943 2948 1062 3006 notione
1082 2948 1163 3005 notio
1184 2947 1319 3006 adiectivi
1341 2966 1413 3006 000-

250 3045 373 3117 tinetur,
399 3063 474 3120 quae
499 3047 578 3121 apud
603 3051 750 3104 nostrates
775 3048 956 3106 desideratur
981 3065 1014 3104 00
1040 3047 1214 3123 postulatur.
1261 3046 1412 3106 Omissum
1486 3057 1487 3062 ’

249 3150 295 3203 001
314 3144 394 3202 euim
419 3148 462 3204 11.
485 3147 512 3205 8.
533 3145 708 3203 0110011000
729 3145 872 3204 »simeln«
893 3147 1029 3204 horarum
1051 3147 1154 3205 saltem
1168 3146 1312 3222 permisso
1334 3165 1412 3204 com-

249 3247 355 3316 meatu,
380 3243 536 3320 (nachdent
561 3245 742 3319 wenigstens
765 3245 814 3302 fiir
837 3245 969 3303 einzelne
992 3245 1124 3304 Stunden
1146 3245 1255 3302 Urlaub
1280 3246 1412 3320 gegeben

248 3340 323 3416 war)
352 3347 386 3399 ut
416 3343 495 3418 apud
519 3343 650 3402 Plinium
675 3343 707 3400 10
732 3342 797 3400 Νο1.
823 3343 899 3401 Η101.
931 3345 957 3401 2.
985 3346 1031 3403 73.
1060 3344 1174 3419 185101.
1201 3340 1410 3419 Naegelsbach,

248 3439 302 3500 lat.
323 3439 427 3499 Stilist.
449 3459 507 3516 pag
527 3441 606 3515 237.)

328 3537 411 3610 Quod
424 3538 461 3595 ad
475 3539 722 3614 lexicographiam
736 3539 850 3611 attinet,
872 3539 1054 3598 Roenschius
1069 3539 1098 3596 in
1114 3539 1197 3612 libro,
1218 3558 1306 3615 quem
1321 3557 1410 3615 supra
1486 3579 1487 3586 .

248 3635 373 3710 laudavi,
398 3655 436 3695 ex
461 3636 590 3696 Minucio
618 3633 1092 3710 1011000000001001001001100,
1113 3655 1188 3713 quae
1208 3638 1244 3695 ad
1259 3638 1411 3712 vulgarem

249 3752 414 3794 sermonem
439 3736 602 3811 pertinent:
629 3737 750 3795 litabilis
776 3739 822 3796 32.
849 3739 876 3796 2.
904 3737 1100 3813 propudiosos
1126 3739 1173 3798 25.
1195 3737 1222 3794 8.
1244 3737 1412 3812 impuratus

249 3833 296 3890 23.
319 3834 366 3893 12.
387 3833 488 3908 (huius
508 3834 644 3893 adiectivi
666 3835 754 3893 etiam
768 3833 860 3894 000οΙ.
876 3835 951 3894 Sitti.
973 3836 1153 3894 mentionem
1173 3830 1243 3894 facit
1263 3835 1283 3895 l.
1305 3852 1328 3892 c.
1343 3853 1410 3910 pag.

252 3931 316 4004 124,
341 3931 391 3989 ubi
417 3931 453 3989 de
476 3931 648 3991 archaismis
674 3933 823 3992 disserens
849 3933 923 3990 illud
947 3933 1027 4010 apud
1052 3933 1203 4004 Plautum,
1230 3931 1410 4004 Terentium,
1486 3963 1487 3996 t

247 4029 407 4104 Apuleium
431 4029 557 4087 inveniri
577 4030 681 4106 docet.)
706 4031 862 4090 hibernius
882 4030 930 4090 34.
954 4033 998 4089 12.
1020 4031 1063 4089 00
1083 4029 1225 4088 adiectivo
1246 4030 1410 4106 composito

248 4127 451 4188 consimilis
472 4126 529 4204 (14.
552 4129 590 4204 6.)
610 4129 670 4204 1001
684 4129 737 4189 hd.
751 4126 953 4190 Woclt'flinnm
968 4130 999 4188 in
1014 4130 1088 4188 Phil.
1103 4133 1174 4189 tom.
1190 4131 1235 4189 34.
1257 4147 1322 4204 pag.
1352 4129 1409 4187 158

249 4243 312 4311 sqq.
338 4231 368 4285 et
388 4224 422 4287 0.
442 4226 590 4310 1101110011
611 4227 886 4290 commentationem
906 4228 926 4286 l.
948 4245 972 4288 e.
994 4246 1059 4305 pag.
1083 4231 1098 4287 7
1120 4231 1151 4286 et
1173 4226 1219 4286 17.
1259 4227 1343 4286 Idem
1363 4227 1410 4285 010
