3004 4948
795 263 831 318 44

227 445 317 522 ducit,
343 445 385 506 ita
405 449 439 521 ut
463 443 502 506 iis
527 443 638 504 tribuat
663 461 738 522 qrrae
758 445 898 505 animatis
924 443 1042 524 proprie
1067 443 1258 506 conveniunt.
1301 439 1401 516 Quam

228 547 347 624 quidem
367 565 430 609 rem
449 545 602 604 nonnullis
623 545 837 604 illustrabimus
858 546 1012 622 exemplis.
1055 545 1098 604 Cf.
1121 547 1149 605 3.
1164 544 1192 604 4.
1213 543 1321 603 fabulis
1342 543 1401 600 iter

227 647 398 704 fallentibus
444 647 470 703 6.
493 647 520 704 2.
545 648 676 720 potestas
703 649 733 702 et
752 645 911 704 auctoritas
931 645 1023 703 totius
1044 644 1122 702 orbis
1148 645 1291 702 ambitum
1312 663 1402 703 oocu-

227 747 309 821 pavit
354 748 381 805 6.
403 746 431 804 2.
457 744 616 803 ferociente
640 743 770 801 victoria.
814 746 841 804 9.
865 745 892 802 1.
914 743 1100 818 serpentibus
1122 743 1245 819 perditis
1266 743 1402 802 moribus

227 841 254 905 9.
277 847 302 903 2.
331 862 406 903 vana
431 848 461 902 et
486 843 609 901 demens
635 842 806 917 superstitio
833 841 993 902 sceleribus
1014 841 1164 916 gloriatur.
1207 844 1233 901 9.
1255 844 1282 900 3.
1306 860 1401 916 sagax

227 945 305 1002 fama
321 943 499 1019 loqueretur.
543 942 587 999 11.
610 941 639 1002 5.
661 941 782 1000 festinet
803 941 903 998 oratio.
952 941 997 1002 11.
1024 940 1050 997 8.
1077 944 1157 998 aetas
1178 940 1257 998 abiit.
1302 943 1347 1001 17.
1371 942 1401 998 6.

227 1045 412 1102 recursantes
425 1041 505 1099 vices
548 1041 593 1100 17.
608 1042 635 1099 8.
657 1041 753 1098 hiems
768 1041 828 1097 urit
870 1040 916 1099 17.
932 1042 958 1098 8.
980 1040 1051 1098 anni
1069 1040 1244 1098 revertentis
1286 1039 1401 1100 1711.

228 1141 293 1218 ipsa
323 1141 480 1218 praecipue
509 1142 619 1200 formae
649 1146 767 1200 nostrae
792 1141 981 1216 pulchritudo
1006 1141 1094 1198 deum
1119 1141 1230 1199 fatetur
1254 1140 1401 1198 artificem
1490 1141 1491 1152 ¹

228 1240 274 1298 31.
296 1243 323 1300 3.
349 1241 507 1300 memoriae
532 1244 561 1299 01
585 1240 750 1314 tragoediae
775 1239 898 1297 incestis
924 1239 1095 1314 gloriantur.
1142 1239 1222 1298 Haec
1248 1239 1401 1298 sufficiant

227 1339 370 1415 exempla.
420 1339 517 1397 Venio
552 1339 589 1396 ad
618 1338 822 1396 translationis
852 1355 950 1410 usum,
980 1339 1066 1396 cuius
1096 1338 1320 1398 amantissimus
1352 1341 1401 1396 est

227 1438 336 1513 dialogi
360 1438 455 1496 nostri
481 1437 615 1513 scriptor.
661 1436 793 1494 Exornat
817 1437 909 1512 igitur
929 1437 1090 1494 orationem
1116 1435 1324 1512 prdcherrimis
1345 1455 1400 1512 po-

227 1537 313 1596 eticis
343 1537 485 1608 artificiis,
508 1554 633 1612 quorum
654 1535 798 1594 nonnulla
818 1536 1001 1594 adferamus:
1023 1536 1142 1594 »fluere«
1166 1537 1212 1598 ll.
1233 1535 1260 1592 8.
1283 1535 1401 1593 saecula
1491 1561 1492 1624 3

226 1636 381 1694 innumera
401 1636 560 1694 fluxerunt.
603 1631 1273 1696 113.100101101011111010111110110.
1304 1635 1353 1694 21.
1369 1637 1400 1694 9.
1491 1641 1492 1676 l

226 1735 391 1794 mortalitas
410 1735 443 1793 in
462 1740 574 1794 ceteros
596 1735 757 1794 influxerit.
801 1736 846 1794 16.
863 1735 939 1794 nm
963 1735 1163 1793 conviciorum
1184 1734 1401 1792 amarissimam

227 1834 322 1892 labem
337 1835 493 1892 verborum
511 1834 661 1893 veracium
681 1833 804 1891 flumine
830 1833 978 1891 diluamus
999 1833 1151 1892 »fundere«
1195 1833 1239 1893 19.
1256 1834 1282 1890 2.
1298 1833 1401 1890 infusa

226 1950 311 1991 mens
353 1933 399 1990 26,
414 1933 441 1990 8.
457 1951 586 1992 errorem
600 1932 754 2009 pravitatis
768 1932 923 1991 infundere
962 1933 1008 1992 26.
1027 1934 1062 1994 12
1077 1931 1211 1990 ardorem
1225 1931 1400 2007 cupiditatis

226 2031 391 2090 infundere.
433 2033 479 2090 32.
503 2034 528 2090 7.
551 2030 623 2089 deus
643 2030 763 2088 infusus
784 2034 830 2088 est
872 2032 917 2089 14.
934 2029 1239 2090 rememorationis
1258 2029 1398 2104 impetus.

226 2130 379 2188 »miscere«
426 2132 451 2188 7.
472 2129 490 2186 6
508 2128 596 2186 mixti
621 2128 675 2187 deo
700 2131 783 2186 vates
808 2129 959 2204 »flagrare«
1005 2131 1031 2188 9.
1054 2130 1082 2188 2.
1108 2128 1213 2203 religio
1238 2127 1400 2186 libidinum
1492 2185 1493 2210 ἒ

226 2226 376 2288 miscetur.
426 2228 473 2288 20.
500 2230 526 2286 6.
556 2227 632 2285 ritus
663 2244 732 2285 suos
762 2243 918 2303 moresque
948 2227 1107 2287 miscerent
1151 2228 1199 2286 25.
1229 2228 1256 2285 3.
1286 2221 1400 2284 belluin
1492 2219 1493 2250 ³

225 2327 346 2386 miscuit
396 2327 442 2386 28.
475 2327 502 2384 2.
532 2325 667 2384 convivia
695 2326 809 2384 incesta
834 2326 995 2384 miscerent
1032 2325 1184 2400 »flagrare«
1205 2326 1232 2384 1·
1252 2327 1279 2384 3.
1298 2343 1401 2384 amore

225 2426 393 2502 flagraverit
434 2427 480 2484 25.
502 2427 547 2483 11.
566 2425 696 2500 flagrans
719 2425 810 2483 libido
834 2424 1053 2484 »exardescere«
1079 2424 1107 2484 9.
1135 2427 1152 2484 6
1178 2424 1260 2482 furor
1288 2422 1402 2482 exarsit

226 2525 253 2583 5.
287 2526 334 2584 10.
368 2523 439 2582 belli
468 2524 555 2582 ardor
608 2525 657 2582 27.
684 2525 711 2586 5.
742 2522 883 2582 orationis
912 2523 1067 2582 incendiis.
1093 2525 1238 2582 »nectere«
1294 2524 1340 2585 11.
1371 2524 1398 2580 2.

225 2623 339 2682 fabulas
369 2623 528 2681 adstruunt
557 2625 587 2680 et
615 2622 784 2680 adnectunt.
840 2623 887 2680 31.
914 2622 943 2681 4.
968 2622 1075 2680 incesti
1106 2621 1236 2680 fabulam
1267 2623 1398 2682 nectitis,
1493 2619 1494 2622 ’

224 2739 392 2798 »spargere«
423 2722 468 2780 16.
489 2723 517 2780 3.
537 2721 668 2796 suspicio
688 2720 846 2796 spargitur.
877 2721 923 2778 21.
941 2718 986 2780 12.
1004 2721 1115 2796 sparsis
1130 2720 1280 2780 membris.
1312 2722 1359 2780 28.
1371 2723 1397 2780 6.

224 2821 303 2879 fama
323 2820 470 2895 insparsis
490 2819 654 2878 mendaciis
674 2819 764 2876 alitur
790 2819 837 2878 31.
856 2821 880 2879 1.
896 2823 930 2876 ut
943 2818 1067 2894 gloriam
1082 2818 1243 2895 pudicitiae
1257 2819 1398 2878 deformis

224 2919 363 2977 infamiae
382 2918 554 2993 aspersione
574 2917 742 2976 macularet.
785 2917 831 2974 31.
853 2918 881 2977 2.
902 2917 1069 2976 convicium
1089 2921 1123 2974 ut
1144 2920 1241 2976 orator
1261 2919 1397 2994 aspersit.

124 3057 127 3064 ·
224 3019 309 3078 314.
320 3018 467 3076 Venerem
478 3017 628 3093 spargitis.
649 3017 869 3090 »exstinguere«
910 3016 958 3074 30.
970 3018 998 3076 2.
1009 3017 1154 3091 originem
1165 3017 1257 3074 futuri
1267 3017 1398 3077 hominis

223 3117 423 3192 exstinguant.
470 3118 517 3175 32.
544 3119 572 3176 5.
600 3116 696 3173 omnis
721 3115 805 3173 visus
830 3115 1032 3191 exstinguitur
1057 3133 1194 3174 »exuere«
1239 3116 1287 3174 22.
1312 3114 1338 3173 7.
1364 3119 1399 3172 11

223 3216 374 3274 hominem
394 3219 493 3274 exuat.
514 3232 640 3272 »serere«
681 3215 727 3271 27.
747 3214 774 3270 8.
795 3214 895 3271 odium
917 3219 1020 3272 serunt
1054 3217 1102 3274 31.
1118 3214 1146 3274 4.
1168 3214 1277 3272 liberos
1299 3213 1397 3272 seritis

222 3314 289 3372 Alia
310 3313 446 3389 exempla
465 3312 634 3371 Minuciano
648 3315 781 3369 exstant:
814 3312 840 3368 5.
860 3314 887 3370 9.
902 3312 1017 3387 ignium
1027 3311 1190 3370 seminibus
1220 3314 1248 3371 3.
1264 3312 1290 3368 3.
1305 3311 1397 3369 limen

222 3412 359 3489 aequoris
389 3413 415 3470 3.
431 3412 457 3468 6.
473 3411 598 3470 summis
620 3405 760 3470 1110111100
780 3410 876 3468 101010
899 3413 924 3471 3.
939 3410 1009 3467 6111
1029 3410 1104 3467 illud
1125 3409 1254 3468 iaculum
1275 3410 1397 3467 dorsum

222 3511 312 3569 maris
333 3510 455 3568 raderet.
499 3512 525 3568 1.
541 3511 568 3568 4.
591 3528 660 3568 cum
680 3509 817 3569 discussa
838 3509 963 3584 caligine
984 3509 1021 3567 de
1041 3510 1229 3568 tenebrarum
1250 3507 1396 3585 profundo

222 3609 255 3666 11
283 3609 382 3670 lucem
412 3609 576 3686 sapientiae
607 3612 637 3666 et
661 3607 796 3665 veritatis
821 3625 1009 3682 emergerem.
1058 3609 1083 3666 7.
1108 3609 1136 3667 2.
1167 3607 1328 3666 imminens
1354 3607 1397 3665 ira

222 3710 273 3764 aut
297 3707 357 3766 iam
381 3711 500 3766 tumens
525 3705 720 3771 etsaeviens.
765 3707 810 3766 14.
829 3710 855 3767 1.
876 3706 1089 3782 indignationis
1103 3711 1256 3765 tumorem.
1302 3708 1348 3765 26.
1368 3708 1395 3768 8.

222 3805 346 3881 spiritus
360 3806 443 3865 vitiis
460 3805 602 3864 immersi.
636 3804 683 3862 25.
699 3805 725 3863 1.
740 3807 776 3864 ab
789 3806 865 3882 ipsis
886 3806 1007 3882 imperii
1027 3805 1178 3864 nascentis
1198 3803 1395 3866 incunabulis.

222 3903 269 3963 35.
285 3903 311 3961 6.
327 3904 364 3963 de
383 3907 483 3964 vestro
504 3919 629 3964 numero
650 3917 754 3963 carcer
774 3906 936 3964 exaestuat.
968 3903 1025 3963 Sed
1043 3904 1100 3962 hoc
1113 3904 1266 3976 hactenus,
1293 3921 1394 3978 quam·

222 4019 311 4078 quam
325 4002 530 4078 exemplorum
544 4001 629 4078 copia
644 3999 777 4060 nondum
794 4002 939 4060 exhausta
950 4006 1005 4063 est.
1048 4002 1093 4061 De
1102 4001 1199 4060 verbis
1210 3999 1395 4078 simplicibus

221 4117 303 4159 more
317 4099 435 4177 poetico
449 4116 504 4178 pro
524 4097 697 4178 compositis
718 4097 870 4175 usurpatis
891 4097 950 4160 iam
970 4097 1028 4159 alio
1048 4097 1113 4156 loco
1134 4093 1319 4172 disputabam
1339 4103 1394 4160 est.
