<?xml version="1.0" encoding="UTF-8"?>
<!DOCTYPE html PUBLIC "-//W3C//DTD XHTML 1.0 Transitional//EN"
    "http://www.w3.org/TR/xhtml1/DTD/xhtml1-transitional.dtd">
<html xmlns="http://www.w3.org/1999/xhtml" xml:lang="en" lang="en">
 <head>
  <title>
</title>
<meta http-equiv="Content-Type" content="text/html;charset=utf-8" />
  <meta name='ocr-system' content='tesseract 3.04.00' />
  <meta name='ocr-capabilities' content='ocr_page ocr_carea ocr_par ocr_line ocrx_word'/>
</head>
<body>
  <div class='ocr_page' id='page_1' title='image "./degeneredicendi00theigoog_0045.png"; bbox 0 0 3004 4948; ppageno 0'>
   <div class='ocr_carea' id='block_1_1' title="bbox 776 229 812 288">
    <p class='ocr_par' dir='ltr' id='par_1_1' title="bbox 776 229 812 288">
     <span class='ocr_line' id='line_1_1' title="bbox 776 229 812 288; baseline 0 0"><span class='ocrx_word' id='word_1_1' title='bbox 776 229 812 288; x_wconf 80' lang='lat'>40</span> 
     </span>
    </p>
   </div>
   <div class='ocr_carea' id='block_1_2' title="bbox 205 411 1390 491">
    <p class='ocr_par' dir='ltr' id='par_1_2' title="bbox 205 411 1390 491">
     <span class='ocr_line' id='line_1_2' title="bbox 205 411 1390 491; baseline -0.002 -17"><span class='ocrx_word' id='word_1_2' title='bbox 205 413 351 474; x_wconf 80' lang='lat' dir='ltr'>creduli</span> <span class='ocrx_word' id='word_1_3' title='bbox 380 415 427 475; x_wconf 83' lang='lat'>26.</span> <span class='ocrx_word' id='word_1_4' title='bbox 455 415 501 473; x_wconf 86' lang='lat'>10.</span> <span class='ocrx_word' id='word_1_5' title='bbox 528 413 693 474; x_wconf 78' lang='lat' dir='ltr'>declinabat</span> <span class='ocrx_word' id='word_1_6' title='bbox 718 412 837 490; x_wconf 84' lang='lat' dir='ltr'>negotia</span> <span class='ocrx_word' id='word_1_7' title='bbox 862 412 909 473; x_wconf 93' lang='lat' dir='ltr'>vel</span> <span class='ocrx_word' id='word_1_8' title='bbox 936 413 1061 491; x_wconf 84' lang='lat' dir='ltr'>petebat.</span> <span class='ocrx_word' id='word_1_9' title='bbox 1108 414 1155 474; x_wconf 91' lang='grc'><strong>29.</strong></span> <span class='ocrx_word' id='word_1_10' title='bbox 1183 415 1209 474; x_wconf 80' lang='lat'>7.</span> <span class='ocrx_word' id='word_1_11' title='bbox 1234 411 1390 473; x_wconf 84' lang='lat' dir='ltr'>inauratae</span> 
     </span>
    </p>
   </div>
   <div class='ocr_carea' id='block_1_3' title="bbox 116 513 1387 588">
    <p class='ocr_par' dir='ltr' id='par_1_3' title="bbox 116 513 1387 588">
     <span class='ocr_line' id='line_1_3' title="bbox 116 513 1387 588; baseline -0.002 -16"><span class='ocrx_word' id='word_1_12' title='bbox 116 547 123 552; x_wconf 93' lang='lat'>-</span> <span class='ocrx_word' id='word_1_13' title='bbox 207 531 310 572; x_wconf 90' lang='lat' dir='ltr'>cruces</span> <span class='ocrx_word' id='word_1_14' title='bbox 342 517 413 572; x_wconf 87' lang='lat' dir='ltr'>sunt</span> <span class='ocrx_word' id='word_1_15' title='bbox 443 517 472 571; x_wconf 91' lang='lat' dir='ltr'>et</span> <span class='ocrx_word' id='word_1_16' title='bbox 497 517 623 572; x_wconf 85' lang='lat' dir='ltr'>ornatae.</span> <span class='ocrx_word' id='word_1_17' title='bbox 667 514 714 571; x_wconf 82' lang='grc'><strong>29.</strong></span> <span class='ocrx_word' id='word_1_18' title='bbox 737 515 763 571; x_wconf 88' lang='grc'>8.</span> <span class='ocrx_word' id='word_1_19' title='bbox 786 517 815 572; x_wconf 93' lang='grc'>31</span> <span class='ocrx_word' id='word_1_20' title='bbox 836 531 904 572; x_wconf 87' lang='lat' dir='ltr'>oum</span> <span class='ocrx_word' id='word_1_21' title='bbox 925 513 1048 587; x_wconf 83' lang='lat' dir='ltr'>erigitur</span> <span class='ocrx_word' id='word_1_22' title='bbox 1068 513 1180 588; x_wconf 88' lang='lat' dir='ltr'>iugum,</span> <span class='ocrx_word' id='word_1_23' title='bbox 1202 513 1300 572; x_wconf 81' lang='lat' dir='ltr'>crucis</span> <span class='ocrx_word' id='word_1_24' title='bbox 1323 513 1387 587; x_wconf 86' lang='lat' dir='ltr'>sig-</span> 
     </span>
    </p>
   </div>
   <div class='ocr_carea' id='block_1_4' title="bbox 153 611 1391 2164">
    <p class='ocr_par' dir='ltr' id='par_1_4' title="bbox 153 611 1391 1472">
     <span class='ocr_line' id='line_1_4' title="bbox 205 611 1389 686; baseline 0 -18"><span class='ocrx_word' id='word_1_25' title='bbox 205 629 278 668; x_wconf 90' lang='lat' dir='ltr'>num</span> <span class='ocrx_word' id='word_1_26' title='bbox 302 615 356 683; x_wconf 89' lang='lat' dir='ltr'>est,</span> <span class='ocrx_word' id='word_1_27' title='bbox 383 615 413 669; x_wconf 87' lang='lat' dir='ltr'>et</span> <span class='ocrx_word' id='word_1_28' title='bbox 438 629 506 669; x_wconf 91' lang='lat' dir='ltr'>cum</span> <span class='ocrx_word' id='word_1_29' title='bbox 531 611 619 668; x_wconf 91' lang='lat' dir='ltr'>bomo</span> <span class='ocrx_word' id='word_1_30' title='bbox 645 611 787 686; x_wconf 76' lang='lat' dir='ltr'>porrectis</span> <span class='ocrx_word' id='word_1_31' title='bbox 812 611 1065 669; x_wconf 90' lang='lat' dir='ltr'>manibusDeum</span> <span class='ocrx_word' id='word_1_32' title='bbox 1086 617 1276 686; x_wconf 82' lang='lat' dir='ltr'>puramente</span> <span class='ocrx_word' id='word_1_33' title='bbox 1297 629 1389 669; x_wconf 90' lang='lat' dir='ltr'>vene-</span> 
     </span>
     <span class='ocr_line' id='line_1_5' title="bbox 205 690 1391 785; baseline 0.001 -19"><span class='ocrx_word' id='word_1_34' title='bbox 205 713 295 767; x_wconf 83' lang='lat' dir='ltr'><strong>ratur.</strong></span> <span class='ocrx_word' id='word_1_35' title='bbox 338 690 428 770; x_wconf 70' lang='grc'><strong>3112.</strong></span> <span class='ocrx_word' id='word_1_36' title='bbox 450 727 506 767; x_wconf 90' lang='lat' dir='ltr'>nec</span> <span class='ocrx_word' id='word_1_37' title='bbox 526 709 626 766; x_wconf 90' lang='lat' dir='ltr'>videre</span> <span class='ocrx_word' id='word_1_38' title='bbox 647 709 692 768; x_wconf 87' lang='lat' dir='ltr'>fas</span> <span class='ocrx_word' id='word_1_39' title='bbox 712 727 767 768; x_wconf 89' lang='lat' dir='ltr'>uec</span> <span class='ocrx_word' id='word_1_40' title='bbox 787 709 896 766; x_wconf 88' lang='lat' dir='ltr'>audire.</span> <span class='ocrx_word' id='word_1_41' title='bbox 939 710 989 767; x_wconf 86' lang='lat'>32.</span> <span class='ocrx_word' id='word_1_42' title='bbox 1012 711 1038 768; x_wconf 85' lang='grc'><strong>6.</strong></span> <span class='ocrx_word' id='word_1_43' title='bbox 1060 727 1115 767; x_wconf 88' lang='grc'>333</span> <span class='ocrx_word' id='word_1_44' title='bbox 1135 709 1265 785; x_wconf 79' lang='lat' dir='ltr'>aspicere</span> <span class='ocrx_word' id='word_1_45' title='bbox 1286 709 1391 785; x_wconf 90' lang='lat' dir='ltr'>possis</span> 
     </span>
     <span class='ocr_line' id='line_1_6' title="bbox 206 799 1387 883; baseline 0.001 -20"><span class='ocrx_word' id='word_1_46' title='bbox 206 823 262 864; x_wconf 91' lang='lat' dir='ltr'>nec</span> <span class='ocrx_word' id='word_1_47' title='bbox 275 799 391 866; x_wconf 85' lang='lat' dir='ltr'>tenere.</span> <span class='ocrx_word' id='word_1_48' title='bbox 434 808 462 866; x_wconf 84' lang='lat'><strong>5.</strong></span> <span class='ocrx_word' id='word_1_49' title='bbox 484 807 510 864; x_wconf 86' lang='grc'><strong>9.</strong></span> <span class='ocrx_word' id='word_1_50' title='bbox 531 807 667 865; x_wconf 89' lang='lat' dir='ltr'>homines</span> <span class='ocrx_word' id='word_1_51' title='bbox 688 807 795 865; x_wconf 86' lang='lat' dir='ltr'>noxios</span> <span class='ocrx_word' id='word_1_52' title='bbox 816 807 927 864; x_wconf 86' lang='lat' dir='ltr'>feriunt</span> <span class='ocrx_word' id='word_1_53' title='bbox 949 825 1036 882; x_wconf 87' lang='lat' dir='ltr'>saepe</span> <span class='ocrx_word' id='word_1_54' title='bbox 1057 811 1087 866; x_wconf 89' lang='lat' dir='ltr'>et</span> <span class='ocrx_word' id='word_1_55' title='bbox 1108 825 1197 883; x_wconf 90' lang='lat' dir='ltr'>saepe</span> <span class='ocrx_word' id='word_1_56' title='bbox 1216 807 1387 883; x_wconf 82' lang='lat' dir='ltr'>religiosos.</span> 
     </span>
     <span class='ocr_line' id='line_1_7' title="bbox 207 904 1387 982; baseline 0.002 -20"><span class='ocrx_word' id='word_1_57' title='bbox 207 904 283 979; x_wconf 85' lang='lat' dir='ltr'>(Hoc</span> <span class='ocrx_word' id='word_1_58' title='bbox 303 905 368 963; x_wconf 91' lang='lat' dir='ltr'>loco</span> <span class='ocrx_word' id='word_1_59' title='bbox 390 921 499 982; x_wconf 87' lang='lat' dir='ltr'>sequor</span> <span class='ocrx_word' id='word_1_60' title='bbox 524 905 759 964; x_wconf 80' lang='lat' dir='ltr'>emendationem</span> <span class='ocrx_word' id='word_1_61' title='bbox 784 904 1021 963; x_wconf 87' lang='lat' dir='ltr'>aKlussmanno</span> <span class='ocrx_word' id='word_1_62' title='bbox 1041 905 1074 962; x_wconf 93' lang='lat' dir='ltr'>in</span> <span class='ocrx_word' id='word_1_63' title='bbox 1095 923 1163 965; x_wconf 92' lang='lat' dir='ltr'>nov.</span> <span class='ocrx_word' id='word_1_64' title='bbox 1191 923 1267 964; x_wconf 90' lang='lat' dir='ltr'>mus.</span> <span class='ocrx_word' id='word_1_65' title='bbox 1288 906 1387 964; x_wconf 84' lang='lat' dir='ltr'>Rhen.</span> 
     </span>
     <span class='ocr_line' id='line_1_8' title="bbox 207 1002 1388 1080; baseline 0.002 -20"><span class='ocrx_word' id='word_1_66' title='bbox 207 1005 278 1060; x_wconf 86' lang='lat' dir='ltr'>torn.</span> <span class='ocrx_word' id='word_1_67' title='bbox 304 1003 409 1062; x_wconf 84' lang='lat' dir='ltr'>XXIII</span> <span class='ocrx_word' id='word_1_68' title='bbox 434 1023 501 1080; x_wconf 86' lang='lat' dir='ltr'>pag.</span> <span class='ocrx_word' id='word_1_69' title='bbox 528 1003 586 1062; x_wconf 86' lang='grc'>543</span> <span class='ocrx_word' id='word_1_70' title='bbox 607 1003 761 1079; x_wconf 81' lang='lat' dir='ltr'>prolatam,</span> <span class='ocrx_word' id='word_1_71' title='bbox 783 1003 835 1078; x_wconf 91' lang='lat' dir='ltr'>qui</span> <span class='ocrx_word' id='word_1_72' title='bbox 855 1008 889 1060; x_wconf 90' lang='lat' dir='ltr'>ut</span> <span class='ocrx_word' id='word_1_73' title='bbox 910 1003 1007 1061; x_wconf 89' lang='lat' dir='ltr'>omnis</span> <span class='ocrx_word' id='word_1_74' title='bbox 1029 1003 1172 1062; x_wconf 88' lang='lat' dir='ltr'>orationis</span> <span class='ocrx_word' id='word_1_75' title='bbox 1192 1002 1388 1079; x_wconf 77' lang='lat' dir='ltr'>aequabilitas</span> 
     </span>
     <span class='ocr_line' id='line_1_9' title="bbox 206 1101 1388 1179; baseline -0.001 -20"><span class='ocrx_word' id='word_1_76' title='bbox 206 1102 427 1174; x_wconf 85' lang='lat' dir='ltr'>restitueretur,</span> <span class='ocrx_word' id='word_1_77' title='bbox 452 1120 556 1161; x_wconf 87' lang='lat' dir='ltr'>vocem</span> <span class='ocrx_word' id='word_1_78' title='bbox 582 1119 689 1179; x_wconf 86' lang='lat' dir='ltr'>saepe</span> <span class='ocrx_word' id='word_1_79' title='bbox 713 1101 915 1160; x_wconf 81' lang='lat' dir='ltr'>resribendam</span> <span class='ocrx_word' id='word_1_80' title='bbox 941 1119 1006 1160; x_wconf 89' lang='lat' dir='ltr'>esse</span> <span class='ocrx_word' id='word_1_81' title='bbox 1031 1102 1148 1160; x_wconf 87' lang='lat' dir='ltr'>censuit</span> <span class='ocrx_word' id='word_1_82' title='bbox 1173 1106 1242 1176; x_wconf 82' lang='lat' dir='ltr'>post.</span> <span class='ocrx_word' id='word_1_83' title='bbox 1262 1102 1388 1159; x_wconf 90' lang='lat' dir='ltr'>verbum</span> 
     </span>
     <span class='ocr_line' id='line_1_10' title="bbox 153 1197 1388 1277; baseline 0.002 -22"><span class='ocrx_word' id='word_1_84' title='bbox 153 1252 155 1255; x_wconf 84' lang='lat'><strong>.</strong></span> <span class='ocrx_word' id='word_1_85' title='bbox 207 1197 351 1258; x_wconf 86' lang='lat' dir='ltr'>feriunt.</span> <span class='ocrx_word' id='word_1_86' title='bbox 395 1197 501 1277; x_wconf 86' lang='lat' dir='ltr'>Neque</span> <span class='ocrx_word' id='word_1_87' title='bbox 514 1201 595 1259; x_wconf 89' lang='lat' dir='ltr'>enlm</span> <span class='ocrx_word' id='word_1_88' title='bbox 609 1201 734 1258; x_wconf 87' lang='lat' dir='ltr'>fulmina</span> <span class='ocrx_word' id='word_1_89' title='bbox 749 1218 864 1276; x_wconf 88' lang='lat' dir='ltr'>semper</span> <span class='ocrx_word' id='word_1_90' title='bbox 879 1201 994 1273; x_wconf 79' lang='grc'><strong>11311133,</strong></span> <span class='ocrx_word' id='word_1_91' title='bbox 1017 1219 1103 1276; x_wconf 86' lang='lat' dir='ltr'>saepe</span> <span class='ocrx_word' id='word_1_92' title='bbox 1116 1200 1272 1274; x_wconf 85' lang='lat' dir='ltr'>religiosos</span> <span class='ocrx_word' id='word_1_93' title='bbox 1286 1200 1388 1273; x_wconf 88' lang='lat' dir='ltr'>ferire,</span> 
     </span>
     <span class='ocr_line' id='line_1_11' title="bbox 208 1297 1389 1372; baseline 0 -16"><span class='ocrx_word' id='word_1_94' title='bbox 208 1297 261 1356; x_wconf 88' lang='lat' dir='ltr'>sed</span> <span class='ocrx_word' id='word_1_95' title='bbox 281 1299 363 1357; x_wconf 90' lang='lat' dir='ltr'>nullo</span> <span class='ocrx_word' id='word_1_96' title='bbox 384 1299 461 1358; x_wconf 89' lang='lat' dir='ltr'>facto</span> <span class='ocrx_word' id='word_1_97' title='bbox 482 1298 653 1358; x_wconf 89' lang='lat' dir='ltr'>discrimine</span> <span class='ocrx_word' id='word_1_98' title='bbox 674 1302 704 1356; x_wconf 87' lang='lat' dir='ltr'>et</span> <span class='ocrx_word' id='word_1_99' title='bbox 724 1299 831 1356; x_wconf 83' lang='lat' dir='ltr'>noxios</span> <span class='ocrx_word' id='word_1_100' title='bbox 852 1300 883 1358; x_wconf 87' lang='grc'>31</span> <span class='ocrx_word' id='word_1_101' title='bbox 904 1298 1069 1372; x_wconf 87' lang='lat' dir='ltr'>religiosos,</span> <span class='ocrx_word' id='word_1_102' title='bbox 1090 1301 1169 1356; x_wconf 86' lang='lat' dir='ltr'>recte</span> <span class='ocrx_word' id='word_1_103' title='bbox 1190 1297 1240 1355; x_wconf 90' lang='lat' dir='ltr'>ille</span> <span class='ocrx_word' id='word_1_104' title='bbox 1261 1315 1299 1355; x_wconf 87' lang='lat' dir='ltr'>ex</span> <span class='ocrx_word' id='word_1_105' title='bbox 1320 1317 1389 1356; x_wconf 87' lang='lat' dir='ltr'>mea</span> 
     </span>
     <span class='ocr_line' id='line_1_12' title="bbox 209 1395 817 1472; baseline 0.003 -20"><span class='ocrx_word' id='word_1_106' title='bbox 209 1395 329 1472; x_wconf 91' lang='lat' dir='ltr'>quidem</span> <span class='ocrx_word' id='word_1_107' title='bbox 350 1396 499 1455; x_wconf 88' lang='lat' dir='ltr'>sententia</span> <span class='ocrx_word' id='word_1_108' title='bbox 518 1396 712 1470; x_wconf 83' lang='lat' dir='ltr'>memoravit.)</span> <span class='ocrx_word' id='word_1_109' title='bbox 815 1461 817 1466; x_wconf 52' lang='grc'>,</span> 
     </span>
    </p>

    <p class='ocr_par' dir='ltr' id='par_1_5' title="bbox 208 1492 1391 2164">
     <span class='ocr_line' id='line_1_13' title="bbox 287 1492 1388 1571; baseline 0 -19"><span class='ocrx_word' id='word_1_110' title='bbox 287 1496 332 1552; x_wconf 86' lang='lat' dir='ltr'>Ac</span> <span class='ocrx_word' id='word_1_111' title='bbox 342 1513 567 1571; x_wconf 88' lang='lat' dir='ltr'>nonnumquam</span> <span class='ocrx_word' id='word_1_112' title='bbox 576 1513 593 1552; x_wconf 90' lang='lat' dir='ltr'>a</span> <span class='ocrx_word' id='word_1_113' title='bbox 603 1495 733 1552; x_wconf 88' lang='lat' dir='ltr'>Minucio</span> <span class='ocrx_word' id='word_1_114' title='bbox 749 1511 905 1552; x_wconf 84' lang='lat' dir='ltr'>commune</span> <span class='ocrx_word' id='word_1_115' title='bbox 920 1494 951 1552; x_wconf 93' lang='lat' dir='ltr'>in</span> <span class='ocrx_word' id='word_1_116' title='bbox 972 1492 1072 1554; x_wconf 93' lang='lat' dir='ltr'>medio</span> <span class='ocrx_word' id='word_1_117' title='bbox 1087 1495 1218 1570; x_wconf 90' lang='lat' dir='ltr'>positum</span> <span class='ocrx_word' id='word_1_118' title='bbox 1231 1496 1388 1571; x_wconf 90' lang='lat' dir='ltr'>repetitur.</span> 
     </span>
     <span class='ocr_line' id='line_1_14' title="bbox 209 1592 1389 1670; baseline 0 -19"><span class='ocrx_word' id='word_1_119' title='bbox 209 1592 302 1652; x_wconf 82' lang='lat' dir='ltr'>Cuius</span> <span class='ocrx_word' id='word_1_120' title='bbox 327 1594 371 1652; x_wconf 90' lang='lat' dir='ltr'>rei</span> <span class='ocrx_word' id='word_1_121' title='bbox 395 1594 533 1670; x_wconf 82' lang='lat' dir='ltr'>exempla</span> <span class='ocrx_word' id='word_1_122' title='bbox 558 1594 676 1652; x_wconf 87' lang='lat' dir='ltr'>afferam</span> <span class='ocrx_word' id='word_1_123' title='bbox 702 1593 787 1651; x_wconf 91' lang='lat' dir='ltr'>hacc:</span> <span class='ocrx_word' id='word_1_124' title='bbox 829 1598 857 1654; x_wconf 84' lang='grc'><strong>4.</strong></span> <span class='ocrx_word' id='word_1_125' title='bbox 884 1596 912 1654; x_wconf 89' lang='grc'><strong>2.</strong></span> <span class='ocrx_word' id='word_1_126' title='bbox 938 1594 1118 1652; x_wconf 83' lang='lat' dir='ltr'>alacritatem</span> <span class='ocrx_word' id='word_1_127' title='bbox 1143 1598 1225 1652; x_wconf 88' lang='lat' dir='ltr'>tuam</span> <span class='ocrx_word' id='word_1_128' title='bbox 1250 1594 1333 1652; x_wconf 92' lang='lat' dir='ltr'>illam</span> <span class='ocrx_word' id='word_1_129' title='bbox 1356 1599 1389 1652; x_wconf 91' lang='lat' dir='ltr'>et</span> 
     </span>
     <span class='ocr_line' id='line_1_15' title="bbox 208 1690 1390 1768; baseline 0.003 -21"><span class='ocrx_word' id='word_1_130' title='bbox 208 1690 291 1748; x_wconf 89' lang='lat' dir='ltr'>illam</span> <span class='ocrx_word' id='word_1_131' title='bbox 306 1691 459 1750; x_wconf 89' lang='lat' dir='ltr'>oculorum</span> <span class='ocrx_word' id='word_1_132' title='bbox 473 1692 562 1750; x_wconf 91' lang='lat' dir='ltr'>etiam</span> <span class='ocrx_word' id='word_1_133' title='bbox 582 1691 615 1748; x_wconf 92' lang='lat' dir='ltr'>in</span> <span class='ocrx_word' id='word_1_134' title='bbox 636 1692 722 1750; x_wconf 89' lang='lat' dir='ltr'>seriis</span> <span class='ocrx_word' id='word_1_135' title='bbox 744 1691 922 1750; x_wconf 86' lang='lat' dir='ltr'>hilaritatem</span> <span class='ocrx_word' id='word_1_136' title='bbox 942 1692 1069 1768; x_wconf 88' lang='lat' dir='ltr'>requiro.</span> <span class='ocrx_word' id='word_1_137' title='bbox 1117 1691 1143 1748; x_wconf 87' lang='lat'>5.</span> <span class='ocrx_word' id='word_1_138' title='bbox 1166 1692 1192 1749; x_wconf 92' lang='lat'><strong>5.</strong></span> <span class='ocrx_word' id='word_1_139' title='bbox 1214 1693 1291 1750; x_wconf 90' lang='lat' dir='ltr'>beati</span> <span class='ocrx_word' id='word_1_140' title='bbox 1313 1693 1390 1751; x_wconf 88' lang='lat' dir='ltr'>satis</span> 
     </span>
     <span class='ocr_line' id='line_1_16' title="bbox 210 1789 1390 1866; baseline 0.003 -20"><span class='ocrx_word' id='word_1_141' title='bbox 210 1789 342 1866; x_wconf 89' lang='lat' dir='ltr'>satisque</span> <span class='ocrx_word' id='word_1_142' title='bbox 367 1790 539 1866; x_wconf 82' lang='lat' dir='ltr'>prudentes</span> <span class='ocrx_word' id='word_1_143' title='bbox 586 1793 612 1850; x_wconf 87' lang='grc'>9.</span> <span class='ocrx_word' id='word_1_144' title='bbox 641 1793 667 1850; x_wconf 74' lang='grc'>6.</span> <span class='ocrx_word' id='word_1_145' title='bbox 695 1808 785 1848; x_wconf 77' lang='lat' dir='ltr'>sexus</span> <span class='ocrx_word' id='word_1_146' title='bbox 811 1791 908 1848; x_wconf 90' lang='lat' dir='ltr'>omnis</span> <span class='ocrx_word' id='word_1_147' title='bbox 933 1790 1069 1848; x_wconf 87' lang='lat' dir='ltr'>homines</span> <span class='ocrx_word' id='word_1_148' title='bbox 1096 1794 1126 1848; x_wconf 91' lang='lat' dir='ltr'>et</span> <span class='ocrx_word' id='word_1_149' title='bbox 1152 1790 1248 1848; x_wconf 91' lang='lat' dir='ltr'>omnis</span> <span class='ocrx_word' id='word_1_150' title='bbox 1270 1791 1390 1850; x_wconf 85' lang='lat' dir='ltr'>aetatis.</span> 
     </span>
     <span class='ocr_line' id='line_1_17' title="bbox 210 1889 1391 1965; baseline -0.001 -17"><span class='ocrx_word' id='word_1_151' title='bbox 210 1889 382 1964; x_wconf 81' lang='lat' dir='ltr'>21.1.1ege</span> <span class='ocrx_word' id='word_1_152' title='bbox 403 1890 612 1948; x_wconf 89' lang='lat' dir='ltr'>historicorum</span> <span class='ocrx_word' id='word_1_153' title='bbox 634 1889 745 1965; x_wconf 88' lang='lat' dir='ltr'>scripta</span> <span class='ocrx_word' id='word_1_154' title='bbox 764 1889 813 1948; x_wconf 88' lang='lat' dir='ltr'>vel</span> <span class='ocrx_word' id='word_1_155' title='bbox 833 1889 944 1965; x_wconf 87' lang='lat' dir='ltr'>scripta</span> <span class='ocrx_word' id='word_1_156' title='bbox 966 1889 1153 1964; x_wconf 89' lang='lat' dir='ltr'>sapientium.</span> <span class='ocrx_word' id='word_1_157' title='bbox 1196 1889 1391 1947; x_wconf 79' lang='lat' dir='ltr'>22.1.sacra</span> 
     </span>
     <span class='ocr_line' id='line_1_18' title="bbox 209 1988 1389 2065; baseline 0 -19"><span class='ocrx_word' id='word_1_158' title='bbox 209 1989 276 2064; x_wconf 91' lang='lat' dir='ltr'>ipsa</span> <span class='ocrx_word' id='word_1_159' title='bbox 290 1993 320 2047; x_wconf 91' lang='lat' dir='ltr'>et</span> <span class='ocrx_word' id='word_1_160' title='bbox 333 1989 399 2064; x_wconf 90' lang='lat' dir='ltr'>ipsa</span> <span class='ocrx_word' id='word_1_161' title='bbox 420 1989 570 2063; x_wconf 89' lang='lat' dir='ltr'>mysteria.</span> <span class='ocrx_word' id='word_1_162' title='bbox 613 1989 899 2048; x_wconf 86' lang='grc' dir='ltr'><strong>23.1Ο.1ο1111311113</strong></span> <span class='ocrx_word' id='word_1_163' title='bbox 922 1989 1029 2065; x_wconf 90' lang='lat' dir='ltr'>quibus</span> <span class='ocrx_word' id='word_1_164' title='bbox 1050 1992 1080 2046; x_wconf 88' lang='lat' dir='ltr'>et</span> <span class='ocrx_word' id='word_1_165' title='bbox 1101 1988 1209 2064; x_wconf 90' lang='lat' dir='ltr'>quibus</span> <span class='ocrx_word' id='word_1_166' title='bbox 1229 1988 1389 2046; x_wconf 89' lang='lat' dir='ltr'>machinis.</span> 
     </span>
     <span class='ocr_line' id='line_1_19' title="bbox 210 2087 1390 2164; baseline -0.001 -19"><span class='ocrx_word' id='word_1_167' title='bbox 210 2087 259 2148; x_wconf 87' lang='grc'><strong>28.</strong></span> <span class='ocrx_word' id='word_1_168' title='bbox 282 2090 307 2146; x_wconf 83' lang='grc'><strong>7.</strong></span> <span class='ocrx_word' id='word_1_169' title='bbox 329 2089 419 2146; x_wconf 94' lang='lat' dir='ltr'>boum</span> <span class='ocrx_word' id='word_1_170' title='bbox 443 2089 541 2164; x_wconf 80' lang='lat' dir='ltr'>capita</span> <span class='ocrx_word' id='word_1_171' title='bbox 565 2093 595 2148; x_wconf 89' lang='lat' dir='ltr'>et</span> <span class='ocrx_word' id='word_1_172' title='bbox 620 2089 717 2164; x_wconf 79' lang='lat' dir='ltr'>capita</span> <span class='ocrx_word' id='word_1_173' title='bbox 742 2105 906 2145; x_wconf 86' lang='lat' dir='ltr'>vervecum.</span> <span class='ocrx_word' id='word_1_174' title='bbox 954 2089 1001 2145; x_wconf 87' lang='lat'><strong>35.</strong></span> <span class='ocrx_word' id='word_1_175' title='bbox 1023 2088 1050 2144; x_wconf 81' lang='grc'><strong>4.</strong></span> <span class='ocrx_word' id='word_1_176' title='bbox 1078 2090 1231 2162; x_wconf 89' lang='lat' dir='ltr'>parentem</span> <span class='ocrx_word' id='word_1_177' title='bbox 1253 2087 1390 2144; x_wconf 91' lang='lat' dir='ltr'>omnium</span> 
     </span>
    </p>
   </div>
   <div class='ocr_carea' id='block_1_5' title="bbox 210 2185 1500 2363">
    <p class='ocr_par' dir='ltr' id='par_1_6' title="bbox 210 2185 1500 2363">
     <span class='ocr_line' id='line_1_20' title="bbox 210 2185 1499 2263; baseline -0.001 -19"><span class='ocrx_word' id='word_1_178' title='bbox 210 2190 240 2244; x_wconf 91' lang='lat' dir='ltr'>et</span> <span class='ocrx_word' id='word_1_179' title='bbox 254 2186 386 2245; x_wconf 91' lang='lat' dir='ltr'>omnium</span> <span class='ocrx_word' id='word_1_180' title='bbox 401 2187 562 2246; x_wconf 91' lang='lat' dir='ltr'>dominum.</span> <span class='ocrx_word' id='word_1_181' title='bbox 599 2190 625 2247; x_wconf 87' lang='lat'>5.</span> <span class='ocrx_word' id='word_1_182' title='bbox 642 2190 669 2248; x_wconf 83' lang='lat'>3.</span> <span class='ocrx_word' id='word_1_183' title='bbox 685 2187 786 2263; x_wconf 88' lang='lat' dir='ltr'>itaque</span> <span class='ocrx_word' id='word_1_184' title='bbox 799 2186 1016 2261; x_wconf 83' lang='lat' dir='ltr'>indignandum</span> <span class='ocrx_word' id='word_1_185' title='bbox 1037 2185 1174 2244; x_wconf 89' lang='lat' dir='ltr'>omnibus</span> <span class='ocrx_word' id='word_1_186' title='bbox 1196 2191 1225 2243; x_wconf 91' lang='lat' dir='ltr'>et</span> <span class='ocrx_word' id='word_1_187' title='bbox 1248 2185 1390 2243; x_wconf 90' lang='lat' dir='ltr'>omnibus</span> <span class='ocrx_word' id='word_1_188' title='bbox 1498 2203 1499 2208; x_wconf 50' lang='lat'>¹</span> 
     </span>
     <span class='ocr_line' id='line_1_21' title="bbox 210 2283 1500 2363; baseline 0 -22"><span class='ocrx_word' id='word_1_189' title='bbox 210 2284 455 2363; x_wconf 81' lang='lat' dir='ltr'>indolescendum</span> <span class='ocrx_word' id='word_1_190' title='bbox 480 2290 534 2351; x_wconf 86' lang='lat' dir='ltr'>est.</span> <span class='ocrx_word' id='word_1_191' title='bbox 576 2286 708 2362; x_wconf 87' lang='lat' dir='ltr'>(Recipio</span> <span class='ocrx_word' id='word_1_192' title='bbox 727 2284 807 2344; x_wconf 89' lang='lat' dir='ltr'>enim</span> <span class='ocrx_word' id='word_1_193' title='bbox 825 2285 1025 2342; x_wconf 89' lang='lat' dir='ltr'>coniecturam</span> <span class='ocrx_word' id='word_1_194' title='bbox 1043 2286 1078 2342; x_wconf 88' lang='lat' dir='ltr'>ab</span> <span class='ocrx_word' id='word_1_195' title='bbox 1097 2284 1223 2342; x_wconf 85' lang='lat' dir='ltr'>Aemilio</span> <span class='ocrx_word' id='word_1_196' title='bbox 1237 2283 1389 2342; x_wconf 89' lang='lat' dir='ltr'>Baehren-</span> <span class='ocrx_word' id='word_1_197' title='bbox 1499 2301 1500 2304; x_wconf 69' lang='grc'>’</span> 
     </span>
    </p>
   </div>
   <div class='ocr_carea' id='block_1_6' title="bbox 210 2381 1391 3053">
    <p class='ocr_par' dir='ltr' id='par_1_7' title="bbox 210 2381 1391 2660">
     <span class='ocr_line' id='line_1_22' title="bbox 212 2381 1391 2460; baseline -0.003 -18"><span class='ocrx_word' id='word_1_198' title='bbox 212 2383 256 2442; x_wconf 86' lang='grc'>313</span> <span class='ocrx_word' id='word_1_199' title='bbox 277 2384 396 2443; x_wconf 89' lang='lat' dir='ltr'>inlect.</span> <span class='ocrx_word' id='word_1_200' title='bbox 421 2384 472 2442; x_wconf 88' lang='lat' dir='ltr'>lat.</span> <span class='ocrx_word' id='word_1_201' title='bbox 501 2384 656 2460; x_wconf 83' lang='lat' dir='ltr'>prolatam.</span> <span class='ocrx_word' id='word_1_202' title='bbox 681 2383 760 2442; x_wconf 91' lang='lat' dir='ltr'>Diss.</span> <span class='ocrx_word' id='word_1_203' title='bbox 787 2382 882 2440; x_wconf 89' lang='lat' dir='ltr'>Boun.</span> <span class='ocrx_word' id='word_1_204' title='bbox 910 2383 988 2442; x_wconf 74' lang='lat'>1870</span> <span class='ocrx_word' id='word_1_205' title='bbox 1013 2402 1079 2459; x_wconf 83' lang='lat' dir='ltr'>pag.</span> <span class='ocrx_word' id='word_1_206' title='bbox 1102 2385 1139 2442; x_wconf 88' lang='grc'>23</span> <span class='ocrx_word' id='word_1_207' title='bbox 1162 2401 1206 2460; x_wconf 89' lang='lat' dir='ltr'>sq.</span> <span class='ocrx_word' id='word_1_208' title='bbox 1249 2381 1298 2442; x_wconf 87' lang='lat' dir='ltr'>Sic</span> <span class='ocrx_word' id='word_1_209' title='bbox 1319 2400 1391 2440; x_wconf 91' lang='lat' dir='ltr'>cum</span> 
     </span>
     <span class='ocr_line' id='line_1_23' title="bbox 211 2481 1389 2559; baseline -0.003 -16"><span class='ocrx_word' id='word_1_210' title='bbox 211 2482 391 2544; x_wconf 86' lang='lat' dir='ltr'>Baehrensio</span> <span class='ocrx_word' id='word_1_211' title='bbox 422 2489 501 2543; x_wconf 90' lang='lat' dir='ltr'>recte</span> <span class='ocrx_word' id='word_1_212' title='bbox 531 2484 691 2559; x_wconf 82' lang='lat' dir='ltr'>legendum</span> <span class='ocrx_word' id='word_1_213' title='bbox 715 2501 782 2541; x_wconf 90' lang='lat' dir='ltr'>esse</span> <span class='ocrx_word' id='word_1_214' title='bbox 812 2501 932 2556; x_wconf 78' lang='lat' dir='ltr'>censae,</span> <span class='ocrx_word' id='word_1_215' title='bbox 962 2501 1023 2540; x_wconf 89' lang='lat' dir='ltr'>uon</span> <span class='ocrx_word' id='word_1_216' title='bbox 1053 2486 1087 2539; x_wconf 90' lang='lat' dir='ltr'>ut</span> <span class='ocrx_word' id='word_1_217' title='bbox 1111 2481 1249 2540; x_wconf 85' lang='lat' dir='ltr'>Halmius</span> <span class='ocrx_word' id='word_1_218' title='bbox 1280 2481 1389 2540; x_wconf 87' lang='lat' dir='ltr'>edidit:</span> 
     </span>
     <span class='ocr_line' id='line_1_24' title="bbox 210 2581 1066 2660; baseline -0.005 -20"><span class='ocrx_word' id='word_1_219' title='bbox 210 2583 312 2660; x_wconf 85' lang='lat' dir='ltr'>itaque</span> <span class='ocrx_word' id='word_1_220' title='bbox 332 2583 549 2658; x_wconf 81' lang='lat' dir='ltr'>indignandum</span> <span class='ocrx_word' id='word_1_221' title='bbox 570 2583 715 2655; x_wconf 92' lang='lat' dir='ltr'>omnibus,</span> <span class='ocrx_word' id='word_1_222' title='bbox 737 2581 980 2639; x_wconf 88' lang='lat' dir='ltr'>indolescendum</span> <span class='ocrx_word' id='word_1_223' title='bbox 1000 2582 1066 2653; x_wconf 84' lang='lat' dir='ltr'>est.)</span> 
     </span>
    </p>

    <p class='ocr_par' dir='ltr' id='par_1_8' title="bbox 210 2678 1390 3053">
     <span class='ocr_line' id='line_1_25' title="bbox 291 2678 1389 2758; baseline -0.005 -18"><span class='ocrx_word' id='word_1_224' title='bbox 291 2681 395 2758; x_wconf 89' lang='lat' dir='ltr'>Neque</span> <span class='ocrx_word' id='word_1_225' title='bbox 409 2682 652 2742; x_wconf 87' lang='lat' dir='ltr'>coniunctionum</span> <span class='ocrx_word' id='word_1_226' title='bbox 666 2685 696 2738; x_wconf 92' lang='lat' dir='ltr'>et</span> <span class='ocrx_word' id='word_1_227' title='bbox 709 2681 922 2752; x_wconf 87' lang='lat' dir='ltr'>adverbiorum,</span> <span class='ocrx_word' id='word_1_228' title='bbox 944 2698 1033 2756; x_wconf 86' lang='lat' dir='ltr'>quam</span> <span class='ocrx_word' id='word_1_229' title='bbox 1055 2679 1165 2751; x_wconf 90' lang='lat' dir='ltr'>dicunt,</span> <span class='ocrx_word' id='word_1_230' title='bbox 1187 2678 1389 2752; x_wconf 86' lang='lat' dir='ltr'>anastrophen</span> 
     </span>
     <span class='ocr_line' id='line_1_26' title="bbox 211 2777 1389 2857; baseline -0.005 -17"><span class='ocrx_word' id='word_1_231' title='bbox 211 2781 361 2840; x_wconf 82' lang='lat' dir='ltr'>Minucius</span> <span class='ocrx_word' id='word_1_232' title='bbox 375 2781 516 2856; x_wconf 83' lang='lat' dir='ltr'>neglexit.</span> <span class='ocrx_word' id='word_1_233' title='bbox 560 2781 609 2840; x_wconf 87' lang='lat' dir='ltr'>Sic</span> <span class='ocrx_word' id='word_1_234' title='bbox 630 2781 751 2857; x_wconf 89' lang='lat' dir='ltr'>itaque</span> <span class='ocrx_word' id='word_1_235' title='bbox 773 2780 937 2839; x_wconf 88' lang='lat' dir='ltr'>secundum</span> <span class='ocrx_word' id='word_1_236' title='bbox 951 2779 1050 2837; x_wconf 88' lang='lat' dir='ltr'>locum</span> <span class='ocrx_word' id='word_1_237' title='bbox 1072 2777 1128 2835; x_wconf 91' lang='lat' dir='ltr'>sibi</span> <span class='ocrx_word' id='word_1_238' title='bbox 1142 2777 1282 2849; x_wconf 87' lang='lat' dir='ltr'>vindicat,</span> <span class='ocrx_word' id='word_1_239' title='bbox 1302 2777 1389 2834; x_wconf 90' lang='lat' dir='ltr'>cuius</span> 
     </span>
     <span class='ocr_line' id='line_1_27' title="bbox 210 2873 1388 2956; baseline -0.006 -18"><span class='ocrx_word' id='word_1_240' title='bbox 210 2879 255 2938; x_wconf 90' lang='lat' dir='ltr'>rei</span> <span class='ocrx_word' id='word_1_241' title='bbox 280 2880 416 2955; x_wconf 87' lang='lat' dir='ltr'>exempla</span> <span class='ocrx_word' id='word_1_242' title='bbox 442 2898 531 2955; x_wconf 89' lang='lat' dir='ltr'>supra</span> <span class='ocrx_word' id='word_1_243' title='bbox 556 2879 643 2938; x_wconf 84' lang='lat' dir='ltr'>allata</span> <span class='ocrx_word' id='word_1_244' title='bbox 669 2885 752 2956; x_wconf 78' lang='lat' dir='ltr'>sunt3</span> <span class='ocrx_word' id='word_1_245' title='bbox 784 2883 902 2936; x_wconf 89' lang='lat' dir='ltr'>tamen</span> <span class='ocrx_word' id='word_1_246' title='bbox 929 2881 1032 2953; x_wconf 89' lang='lat' dir='ltr'>quarto</span> <span class='ocrx_word' id='word_1_247' title='bbox 1057 2876 1122 2934; x_wconf 91' lang='lat' dir='ltr'>loco</span> <span class='ocrx_word' id='word_1_248' title='bbox 1148 2874 1257 2950; x_wconf 80' lang='lat' dir='ltr'>legitur</span> <span class='ocrx_word' id='word_1_249' title='bbox 1284 2874 1332 2932; x_wconf 86' lang='lat'>32.</span> <span class='ocrx_word' id='word_1_250' title='bbox 1359 2873 1388 2931; x_wconf 88' lang='lat'>5.</span> 
     </span>
     <span class='ocr_line' id='line_1_28' title="bbox 213 2973 1390 3053; baseline -0.006 -17"><span class='ocrx_word' id='word_1_251' title='bbox 213 2979 260 3040; x_wconf 85' lang='grc'>36.</span> <span class='ocrx_word' id='word_1_252' title='bbox 283 2979 310 3040; x_wconf 91' lang='lat'><strong>5.</strong></span> <span class='ocrx_word' id='word_1_253' title='bbox 331 2979 421 3037; x_wconf 88' lang='lat' dir='ltr'>licet</span> <span class='ocrx_word' id='word_1_254' title='bbox 441 2981 469 3040; x_wconf 90' lang='lat'>5.</span> <span class='ocrx_word' id='word_1_255' title='bbox 493 2982 518 3038; x_wconf 85' lang='lat'>7.</span> <span class='ocrx_word' id='word_1_256' title='bbox 545 2980 642 3037; x_wconf 89' lang='lat' dir='ltr'>sidera</span> <span class='ocrx_word' id='word_1_257' title='bbox 661 2979 732 3036; x_wconf 90' lang='lat' dir='ltr'>licet</span> <span class='ocrx_word' id='word_1_258' title='bbox 757 2978 836 3053; x_wconf 88' lang='lat' dir='ltr'>ignis</span> <span class='ocrx_word' id='word_1_259' title='bbox 862 2976 1029 3035; x_wconf 90' lang='lat' dir='ltr'>accenderit</span> <span class='ocrx_word' id='word_1_260' title='bbox 1054 2979 1084 3033; x_wconf 90' lang='lat' dir='ltr'>et</span> <span class='ocrx_word' id='word_1_261' title='bbox 1109 2973 1224 3033; x_wconf 89' lang='lat' dir='ltr'>caelum</span> <span class='ocrx_word' id='word_1_262' title='bbox 1243 2974 1313 3032; x_wconf 90' lang='lat' dir='ltr'>licet</span> <span class='ocrx_word' id='word_1_263' title='bbox 1335 2990 1390 3030; x_wconf 90' lang='lat' dir='ltr'>sua</span> 
     </span>
    </p>
   </div>
   <div class='ocr_carea' id='block_1_7' title="bbox 212 3073 1390 3649">
    <p class='ocr_par' dir='ltr' id='par_1_9' title="bbox 212 3073 1390 3254">
     <span class='ocr_line' id='line_1_29' title="bbox 212 3073 1390 3154; baseline -0.006 -19"><span class='ocrx_word' id='word_1_264' title='bbox 212 3077 336 3136; x_wconf 88' lang='lat' dir='ltr'>materia</span> <span class='ocrx_word' id='word_1_265' title='bbox 361 3077 561 3154; x_wconf 86' lang='lat' dir='ltr'>suspenderit,</span> <span class='ocrx_word' id='word_1_266' title='bbox 587 3078 658 3136; x_wconf 91' lang='lat' dir='ltr'>licet</span> <span class='ocrx_word' id='word_1_267' title='bbox 684 3081 793 3136; x_wconf 89' lang='lat' dir='ltr'>terram</span> <span class='ocrx_word' id='word_1_268' title='bbox 820 3095 881 3135; x_wconf 89' lang='lat' dir='ltr'>sua</span> <span class='ocrx_word' id='word_1_269' title='bbox 906 3074 1074 3133; x_wconf 84' lang='lat' dir='ltr'>fundaverit</span> <span class='ocrx_word' id='word_1_270' title='bbox 1098 3073 1228 3149; x_wconf 88' lang='lat' dir='ltr'>pondere</span> <span class='ocrx_word' id='word_1_271' title='bbox 1254 3076 1284 3129; x_wconf 91' lang='lat' dir='ltr'>et</span> <span class='ocrx_word' id='word_1_272' title='bbox 1308 3087 1390 3129; x_wconf 88' lang='lat' dir='ltr'>mare</span> 
     </span>
     <span class='ocr_line' id='line_1_30' title="bbox 212 3176 659 3254; baseline 0.004 -21"><span class='ocrx_word' id='word_1_273' title='bbox 212 3176 283 3234; x_wconf 90' lang='lat' dir='ltr'>licet</span> <span class='ocrx_word' id='word_1_274' title='bbox 304 3177 480 3236; x_wconf 85' lang='lat' dir='ltr'>confluxerit</span> <span class='ocrx_word' id='word_1_275' title='bbox 500 3196 517 3235; x_wconf 92' lang='lat' dir='ltr'>e</span> <span class='ocrx_word' id='word_1_276' title='bbox 537 3178 659 3254; x_wconf 88' lang='lat' dir='ltr'>liquore.</span> 
     </span>
    </p>

    <p class='ocr_par' dir='ltr' id='par_1_10' title="bbox 212 3269 1388 3649">
     <span class='ocr_line' id='line_1_31' title="bbox 294 3269 1385 3350; baseline -0.007 -16"><span class='ocrx_word' id='word_1_277' title='bbox 294 3275 338 3334; x_wconf 80' lang='lat' dir='ltr'>Of.</span> <span class='ocrx_word' id='word_1_278' title='bbox 359 3276 464 3334; x_wconf 89' lang='lat' dir='ltr'>deinde</span> <span class='ocrx_word' id='word_1_279' title='bbox 487 3278 511 3334; x_wconf 87' lang='lat'>1.</span> <span class='ocrx_word' id='word_1_280' title='bbox 534 3279 562 3336; x_wconf 89' lang='lat'>3.</span> <span class='ocrx_word' id='word_1_281' title='bbox 583 3276 678 3334; x_wconf 89' lang='lat' dir='ltr'>nostri</span> <span class='ocrx_word' id='word_1_282' title='bbox 700 3293 817 3350; x_wconf 88' lang='lat' dir='ltr'>semper</span> <span class='ocrx_word' id='word_1_283' title='bbox 837 3291 942 3332; x_wconf 86' lang='lat' dir='ltr'>amore.</span> <span class='ocrx_word' id='word_1_284' title='bbox 986 3275 1012 3331; x_wconf 88' lang='lat'><strong>5.</strong></span> <span class='ocrx_word' id='word_1_285' title='bbox 1034 3274 1061 3330; x_wconf 85' lang='lat'>3.</span> <span class='ocrx_word' id='word_1_286' title='bbox 1087 3269 1314 3345; x_wconf 81' lang='lat' dir='ltr'>investigandae</span> <span class='ocrx_word' id='word_1_287' title='bbox 1334 3287 1385 3344; x_wconf 91' lang='lat' dir='ltr'>pe-</span> 
     </span>
     <span class='ocr_line' id='line_1_32' title="bbox 212 3367 1388 3444; baseline -0.007 -13"><span class='ocrx_word' id='word_1_288' title='bbox 212 3375 296 3432; x_wconf 89' lang='lat' dir='ltr'>nitus</span> <span class='ocrx_word' id='word_1_289' title='bbox 317 3375 458 3434; x_wconf 87' lang='lat' dir='ltr'>veritatis.</span> <span class='ocrx_word' id='word_1_290' title='bbox 498 3375 524 3432; x_wconf 88' lang='lat'>5.</span> <span class='ocrx_word' id='word_1_291' title='bbox 546 3375 575 3435; x_wconf 81' lang='lat'>4.</span> <span class='ocrx_word' id='word_1_292' title='bbox 596 3375 704 3432; x_wconf 90' lang='lat' dir='ltr'>artium</span> <span class='ocrx_word' id='word_1_293' title='bbox 725 3374 814 3432; x_wconf 89' lang='lat' dir='ltr'>etiam</span> <span class='ocrx_word' id='word_1_294' title='bbox 836 3372 1026 3432; x_wconf 89' lang='lat' dir='ltr'>sordidarum.</span> <span class='ocrx_word' id='word_1_295' title='bbox 1064 3372 1111 3430; x_wconf 87' lang='lat'>12.</span> <span class='ocrx_word' id='word_1_296' title='bbox 1133 3373 1159 3428; x_wconf 90' lang='lat'><strong>5.</strong></span> <span class='ocrx_word' id='word_1_297' title='bbox 1183 3367 1322 3444; x_wconf 90' lang='lat' dir='ltr'>suspensi</span> <span class='ocrx_word' id='word_1_298' title='bbox 1342 3367 1388 3424; x_wconf 89' lang='lat' dir='ltr'>in-</span> 
     </span>
     <span class='ocr_line' id='line_1_33' title="bbox 213 3467 1387 3550; baseline -0.007 -20"><span class='ocrx_word' id='word_1_299' title='bbox 213 3473 302 3530; x_wconf 90' lang='lat' dir='ltr'>terim</span> <span class='ocrx_word' id='word_1_300' title='bbox 322 3477 411 3550; x_wconf 88' lang='lat' dir='ltr'>atque</span> <span class='ocrx_word' id='word_1_301' title='bbox 432 3473 561 3532; x_wconf 86' lang='lat' dir='ltr'>solliciti.</span> <span class='ocrx_word' id='word_1_302' title='bbox 608 3475 655 3534; x_wconf 84' lang='grc'>23.</span> <span class='ocrx_word' id='word_1_303' title='bbox 678 3473 704 3530; x_wconf 93' lang='grc'>1.</span> <span class='ocrx_word' id='word_1_304' title='bbox 727 3471 905 3531; x_wconf 88' lang='lat' dir='ltr'>carminibus</span> <span class='ocrx_word' id='word_1_305' title='bbox 927 3470 1084 3545; x_wconf 88' lang='lat' dir='ltr'>praecipue</span> <span class='ocrx_word' id='word_1_306' title='bbox 1105 3471 1267 3544; x_wconf 74' lang='lat' dir='ltr'>poetarum.</span> <span class='ocrx_word' id='word_1_307' title='bbox 1290 3467 1338 3524; x_wconf 85' lang='lat'>31.</span> <span class='ocrx_word' id='word_1_308' title='bbox 1361 3467 1387 3524; x_wconf 91' lang='lat'>6.</span> 
     </span>
     <span class='ocr_line' id='line_1_34' title="bbox 214 3569 1067 3649; baseline -0.006 -20"><span class='ocrx_word' id='word_1_309' title='bbox 214 3571 251 3630; x_wconf 89' lang='lat' dir='ltr'>de</span> <span class='ocrx_word' id='word_1_310' title='bbox 270 3570 376 3629; x_wconf 91' lang='lat' dir='ltr'>ultima</span> <span class='ocrx_word' id='word_1_311' title='bbox 398 3572 498 3630; x_wconf 83' lang='lat' dir='ltr'>statim</span> <span class='ocrx_word' id='word_1_312' title='bbox 518 3572 603 3649; x_wconf 91' lang='lat' dir='ltr'>plebe</span> <span class='ocrx_word' id='word_1_313' title='bbox 623 3573 672 3631; x_wconf 82' lang='grc'><strong>40.</strong></span> <span class='ocrx_word' id='word_1_314' title='bbox 695 3572 721 3629; x_wconf 94' lang='grc'>2.</span> <span class='ocrx_word' id='word_1_315' title='bbox 745 3574 841 3628; x_wconf 86' lang='lat' dir='ltr'>sectae</span> <span class='ocrx_word' id='word_1_316' title='bbox 860 3569 920 3626; x_wconf 91' lang='lat' dir='ltr'>iam</span> <span class='ocrx_word' id='word_1_317' title='bbox 941 3572 1067 3626; x_wconf 89' lang='lat' dir='ltr'>nostrae.</span> 
     </span>
    </p>
   </div>
   <div class='ocr_carea' id='block_1_8' title="bbox 694 3869 907 3880">
    <p class='ocr_par' dir='ltr' id='par_1_11' title="bbox 694 3869 907 3880">
     <span class='ocr_line' id='line_1_35' title="bbox 694 3869 907 3880; baseline 0.005 -3"><span class='ocrx_word' id='word_1_318' title='bbox 694 3869 907 3880; x_wconf 50' lang='grc' dir='ltr'>μ*</span> 
     </span>
    </p>
   </div>
   <div class='ocr_carea' id='block_1_9' title="bbox 0 0 1515 4948">
    <p class='ocr_par' dir='ltr' id='par_1_12' title="bbox 0 0 1515 4948">
     <span class='ocr_line' id='line_1_36' title="bbox 0 0 1515 4948; baseline 0 0"><span class='ocrx_word' id='word_1_319' title='bbox 0 0 1515 4948; x_wconf 95' lang='lat' dir='ltr'> </span> 
     </span>
    </p>
   </div>
  </div>
 </body>
</html>
