3004 4948
671 265 704 321 19

102 443 250 504 delibasse
271 445 406 504 sufficiat.
443 446 468 503 1.
483 444 511 502 4.
533 445 577 504 sic
597 445 679 504 solus
699 446 732 504 in
752 445 900 504 amoribus
921 446 1066 522 00000100,
1086 445 1151 523 ipse
1172 448 1270 508 socius
1358 453 1360 458 '

102 547 136 604 in
161 544 316 604 erroribus.
363 546 390 603 5.
418 545 443 604 7.
469 543 537 620 quis
562 544 611 602 hio
636 547 738 603 auctor
757 544 849 606 deus?
874 545 901 603 5.
924 547 950 604 7.
976 545 1044 622 quis
1065 544 1138 605 deus
1159 548 1270 606 machi·

101 646 207 704 nator?
233 642 260 701 5.
283 647 309 704 7.
335 642 507 702 0011011000
531 642 648 719 religio,
673 643 753 702 unde
778 643 922 702 formido?
948 643 995 705 10.
1017 646 1044 703 3.
1069 645 1149 722 unde
1173 652 1272 706 autem

101 744 151 802 vel
173 743 240 819 quis
266 741 317 800 ille
342 745 393 799 aut
416 741 467 799 ubi
488 741 561 800 deus
585 741 710 801 unicus?
733 743 781 802 12.
802 745 822 803 4
842 742 893 800 ubi
914 742 988 801 deus
1010 742 1079 801 ille?
1101 744 1148 805 18.
1171 747 1272 805 7101
1343 737 1344 744 ¹

102 859 183 900 0000
203 840 316 916 apibus,
337 840 400 901 dux
419 856 498 902 unus
519 841 551 899 in
571 841 718 918 gregibus,
739 841 772 899 in
792 841 933 900 armentis
953 845 1153 902 1001010000.
1177 844 1223 903 19.
1243 845 1272 905 2.

103 940 175 998 inde
206 940 361 1002 homiuum
391 940 596 1016 pecudumque
625 958 720 1016 genus
750 944 780 1000 et
809 940 954 1017 quidquid
983 941 1065 999 aliud
1093 941 1272 1001 animalium.

103 1040 153 1098 28.
169 1043 196 1100 7.
218 1040 285 1116 quis
305 1045 365 1098 tam
387 1040 508 1114 stultus,
528 1046 563 1097 ut
582 1040 638 1098 hoo
658 1039 752 1098 colat?
773 1040 872 1102 3411
895 1040 937 1098 110
957 1057 1064 1116 corpus
1082 1039 1115 1098 in
1129 1041 1273 1118 sepulcro,

102 1142 139 1197 ut
168 1139 285 1197 arbores
309 1138 341 1198 in
367 1139 489 1198 hiberno
515 1138 612 1212 451.
637 1157 707 1197 nam
730 1142 764 1197 ut
793 1139 844 1199 ille
869 1140 928 1199 mei
951 1139 1045 1198 110101
1070 1143 1128 1214 001,
1153 1140 1195 1200 110
1219 1159 1274 1218 ego

102 1237 302 1314 triumphator
321 1237 435 1297 erroris.

186 1355 283 1413 Etiam
308 1353 340 1414 10
365 1355 525 1414 enuntiatis
552 1355 734 1415 secundariis
755 1354 906 1431 (relativis,
927 1355 1186 1432 condicionalibus,
1207 1374 1275 1416 cau-

106 1453 218 1511 salibus
238 1455 304 1528 010.)
320 1454 441 1512 verbum
456 1453 674 1512 substantivum
687 1455 877 1529 desideratur,
892 1454 944 1532 qui
958 1472 1022 1513 mos
1036 1454 1115 1530 apud
1128 1453 1274 1530 plurimos

105 1551 182 1609 alios
203 1551 362 1627 scriptores
382 1551 551 1611 rarissimus
572 1555 618 1611 est
639 1553 687 1630 (cf.
708 1552 812 1628 Draeg.
836 1565 860 1614 s.
881 1551 912 1610 Τ.
934 1570 1002 1628 pag.
1023 1552 1061 1608 16
1084 1555 1099 1626 §
1122 1552 1182 1627 36.)
1204 1552 1232 1612 8.
1247 1553 1274 1611 2.

106 1649 155 1708 101
176 1649 228 1725 qui
247 1649 330 1728 prior
349 1649 491 1726 Diagoras
511 1650 619 1710 Melius
640 1669 681 1711 so.
703 1654 766 1710 erat
787 1652 866 1711 18.5
888 1651 996 1728 quibus
1016 1650 1119 1727 utique
1139 1650 1276 1726 exempla

106 1747 145 1806 de
165 1747 254 1806 coelo.
276 1765 316 1807 00.
339 1751 416 1807 sunt.
438 1749 485 1808 25.
501 1751 529 1809 6.
550 1747 641 1824 igitur
660 1749 786 1808 Romani
800 1767 861 1808 non
875 1749 940 1808 ideo
954 1749 1029 1807 tanti
1043 1748 1122 1826 quod
1135 1749 1275 1824 religiosi,

108 1847 161 1906 sed
186 1846 265 1922 quod
284 1847 407 1923 impune
429 1847 570 1922 sacrilegi.
593 1849 640 1906 25.
663 1847 710 1908 10.
731 1847 791 1906 nisi
811 1843 887 1908 forte
907 1847 986 1924 apud
1006 1848 1080 1907 istos
1100 1848 1194 1907 maior
1213 1866 1276 1907 000-

107 1947 178 2004 11100
203 1945 352 2020 virginum
376 1949 428 2004 001
452 1946 556 2021 religio
583 1946 712 2007 sanctior
738 1947 929 2005 sacerdotum.
957 1964 995 2005 sc.
1022 1952 1091 2006 0101.
1117 1947 1164 2008 27.
1192 1949 1217 2007 1.
1243 1951 1278 2006 01

108 2049 292 2103 0010000100
310 2043 405 2119 magis
427 2061 466 2102 sc.
488 2047 542 2102 est
572 2045 619 2104 29.
634 2044 661 2102 4.
684 2047 716 2105 01
736 2045 796 2118 1110,
818 2044 870 2120 qui
890 2044 996 2104 ceteris
1016 2044 1098 2120 deus,
1121 2046 1178 2105 sibi
1198 2051 1278 2105 certe

107 2144 197 2202 homo
218 2147 271 2202 est.
294 2145 340 2204 36.
367 2143 393 2201 2.
415 2160 449 2201 ac
473 2142 510 2200 de
529 2143 590 2201 fato
612 2143 692 2217 satis,
713 2143 762 2202 vel
783 2143 809 2200 si
826 2160 920 2219 pauca
939 2160 994 2218 pro
1014 2147 1155 2220 tempore,
1175 2144 1277 2220 dispu-

108 2243 200 2302 taturi
225 2243 297 2302 01100
322 2245 352 2301 01
376 2241 497 2300 uberius
517 2245 547 2300 st
566 2242 694 2318 plenius.
735 2242 767 2321 1))
789 2239 1013 2304 (100100011100.
1035 2243 1083 2304 28.
1105 2242 1132 2300 5.
1153 2260 1229 2316 cum,
1252 2243 1278 2301 si

106 2342 195 2416 ratio,
216 2359 276 2400 non
297 2341 449 2416 instigatio
470 2340 620 2400 daemonis
641 2341 796 2416 iudicaret,
822 2341 969 2420 urguendi
989 2341 1084 2417 magis
1107 2359 1146 2400 sc.
1168 2345 1277 2415 essent,

106 2459 168 2500 non
188 2445 222 2498 ut
242 2440 436 2499 diffiterentur
457 2457 489 2499 se
508 2440 699 2502 christianos.
725 2459 751 2502 0.
773 2461 801 2519 q.
824 2460 846 2501 1.
891 2441 927 2500 10
948 2441 1177 2516 interrogatione
1196 2441 1276 2498 indi-

106 2543 202 2598 recta:
225 2540 271 2598 17.
294 2540 320 2597 1.
361 2535 426 2599 Nec
445 2556 549 2598 recuso
571 2585 577 2598 .
600 2585 606 2599 .
629 2585 635 2599 .
658 2586 665 2600 .
687 2540 839 2599 hominem
859 2557 948 2599 nosse
969 2557 1001 2599 00
1019 2544 1049 2598 01
1066 2539 1279 2615 cirumspicere

108 2639 216 2697 debere
235 2683 241 2696 .
261 2683 267 2698 .
288 2682 296 2699 .
317 2684 323 2697 .
343 2643 444 2696 utrum
469 2639 624 2698 elementis
649 2645 803 2700 concretus
823 2659 861 2698 an
882 2639 1075 2699 concinnatus
1095 2638 1215 2712 atomis,
1241 2657 1280 2696 00

109 2737 210 2814 potius
231 2755 248 2795 a
267 2736 330 2795 Deo
350 2737 455 2810 factus,
476 2737 628 2811 formatus,
649 2739 797 2797 animatus
818 2756 857 2797 10.
880 2738 927 2796 011.
954 2736 1279 2812 0)101101111000000.

109 2838 138 2896 5.
158 2837 185 2894 2.
211 2835 327 2894 nullum
352 2836 505 2911 negotium
525 2841 571 2896 est
591 2838 763 2914 patefacere,
786 2836 884 2896 omnia
904 2836 937 2894 in
956 2837 1045 2895 rebus
1065 2835 1204 2894 humanis
1226 2835 1280 2893 du-

108 2935 171 3007 bia,
200 2935 324 3009 incerta,
351 2953 496 3011 suspensa
520 2936 674 3014 magisque
699 2935 798 2995 omnia
822 2934 995 2994 verisimilia
1020 2951 1109 3011 quam
1134 2951 1203 2993 1010
1227 2933 1279 3008 (so.

110 3036 189 3108 0000)
215 3035 242 3091 5.
271 3033 318 3094 10.
342 3033 374 3091 10
399 3035 561 3110 naufragiis
582 3036 725 3094 bonorum
745 3035 951 3111 malorumque
970 3034 1030 3092 fata
1051 3033 1154 3106 mixta,
1177 3032 1281 3120 merita

111 3131 235 3190 confusa
265 3134 292 3193 8.
324 3134 350 3193 2.
381 3133 482 3192 nullos
510 3133 582 3195 deos
609 3133 807 3193 adseverando
840 3133 884 3195 ll.
913 3132 939 3191 5.
970 3131 1027 3191 etsi
1054 3131 1151 3190 iustos
1181 3131 1282 3189 darem

112 3231 160 3288 11.
186 3230 214 3291 5.
239 3230 368 3290 iniustos
396 3232 479 3308 ipsos
507 3233 603 3309 magis
635 3247 691 3292 nec
715 3233 829 3305 laboro,
854 3231 914 3290 1010
938 3230 1025 3290 docui
1057 3232 1102 3292 16.
1124 3230 1151 3287 2.
1178 3228 1230 3288 sed
1250 3229 1282 3286 in

111 3327 212 3388 Natali
236 3347 302 3388 meo
322 3330 486 3389 versutiam
505 3331 583 3403 nolo,
604 3349 665 3390 non
690 3331 778 3390 credo
800 3331 846 3390 19.
867 3332 896 3396 4.
916 3347 1016 3388 101010
1035 3328 1154 3386 initium
1175 3344 1283 3403 aquam

112 3427 190 3485 dixit
216 3429 261 3488 19.
282 3433 308 3490 5.
327 3446 394 3487 aera
412 3429 500 3488 deum
521 3433 655 3488 statuunt
680 3429 830 3487 1011011010
850 3433 881 3487 01
900 3428 1080 3486 11010000οι0
1101 3425 1147 3484 19.
1163 3426 1191 3485 9.
1212 3441 1283 3482 0010

112 3526 234 3586 interim
253 3532 391 3602 mentem,
412 3527 557 3586 mundum
577 3527 696 3586 interim
717 3527 805 3585 deum
825 3526 901 3584 dixit
916 3527 962 3584 21.
977 3524 1004 3584 4.
1026 3524 1186 3584 Saturnum
1199 3522 1282 3581 enim

114 3625 281 3702 principem
300 3626 390 3684 110100
410 3625 527 3700 generis
548 3629 578 3684 et
598 3624 743 3683 examinis
764 3641 865 3683 omnes
888 3623 1047 3700 scriptores
1068 3667 1075 3681 .
1098 3666 1104 3680 .
1127 3667 1133 3680 .
1155 3666 1162 3680 .
1184 3620 1283 3697 prodi-

115 3724 222 3782 derunt
242 3724 323 3784 266
345 3724 424 3800 quod
445 3724 533 3782 sciret
553 3739 698 3799 responsa
719 3721 856 3781 simulata
876 3722 987 3782 26.12.
1007 3738 1106 3779 nonne
1119 3724 1150 3780 et
1162 3719 1284 3798 angelos

116 3823 180 3882 sine
204 3822 323 3898 negotio
348 3826 448 3880 narrat
472 3826 502 3880 et
526 3821 701 3881 daemonas?
731 3822 780 3880 38.
806 3822 833 3880 6.
854 3819 1016 3895 gloriamur
1034 3837 1091 3878 nos
1111 3822 1284 3878 consecutos

116 3921 163 3980 39.
186 3922 214 3982 1.
236 3921 415 3980 ostendisset
440 3920 528 3980 etiam
552 3923 707 3979 veritatem
727 3936 788 3977 non
808 3917 1012 3978 tantummodo
1032 3917 1158 3991 facilem,
1181 3915 1233 3978 sed
1255 3919 1285 3974 et

116 4028 314 4089 favorabilem.
356 4027 501 4088 Sexcenta
521 4027 579 4086 alia
599 4026 734 4110 exempla
754 4028 883 4086 exstant.

196 4145 294 4206 Verba
319 4145 444 4218 dicendi,
469 4143 617 4216 movendi,
644 4142 764 4217 oriendi,
790 4141 847 4201 alia
872 4141 996 4202 desunt:
1038 4144 1066 4199 4.
1093 4142 1119 4199 3.
1145 4142 1210 4198 1010
1234 4137 1313 4196 ille*

118 4247 168 4323 (00.
187 4245 352 4322 respondit)
374 4243 400 4303 5.
424 4245 449 4304 1.
470 4245 535 4302 1001
556 4242 600 4302 010
620 4241 766 4302 Caecilius
786 4259 912 4302 exorsus
933 4246 979 4302 est
999 4239 1174 4319 (aedicere)
1196 4235 1242 4296 27.
1257 4235 1284 4296 4.
