3004 4948
800 268 835 324 46

171 413 174 420 ¹
232 445 322 512 263.
344 445 543 504 defendendos
564 449 594 504 et
614 403 739 504 tuendos
774 445 820 504 29.
846 449 870 507 1.
892 446 929 504 (11
950 447 1040 504 castis
1061 451 1090 505 et
1111 447 1227 522 pudicis
1261 447 1308 506 31.
1329 446 1357 505 7.
1380 450 1416 505 et

230 547 343 618 perstat
367 547 396 601 et
421 529 596 618 perseierat.
644 543 690 601 32.
714 545 739 601 7.
766 561 846 602 erras
873 548 903 602 et
927 543 1041 602 falleris
1087 543 1134 602 37.
1158 547 1183 603 1.
1205 545 1415 626 triumphator

231 645 261 698 et
282 641 376 699 victor
416 642 463 699 46.
486 641 512 698 3.
534 641 604 699 laeti
624 641 802 716 hilaresque.

314 757 342 817 5.
365 757 509 830 2.dubia,
535 757 656 830 incerta,
683 775 835 832 suspensa.
881 757 1416 832 10.31111111,1111111111111111-

231 859 322 914 tutus.
368 857 457 916 12..2
479 854 1100 931 111111113111111811111111197)
1149 856 1415 932 12.5.imperant,

231 956 365 1030 regnant.
402 956 448 1012 12
471 957 496 1012 6.
519 953 633 1030 pallidi,
655 952 771 1028 trepidi,
793 953 993 1012 misericordia
1014 954 1105 1028 digni
1142 955 1189 1014 16.
1212 954 1237 1012 1.
1252 958 1415 1028 errantem,

231 1071 344 1127 vagam,
365 1051 507 1110 lubricam
522 1069 575 1109 sen
576 1051 701 1108 tentiam
745 1053 789 1110 17.
812 1052 838 1108 2.
860 1051 1024 1110 cohaerent
1016 1070 1052 1125 11,
1074 1070 1193 1127 conexa,
1216 1040 1416 1112 concatenata

234 1149 279 1208 17.
303 1151 329 1208 6.
356 1149 468 1223 sentiri,
494 1148 632 1225 perspici,
658 1149 799 1224 intellegi.
845 1149 890 1209 18.
912 1149 939 1206 4.
963 1149 1088 1222 excnlta,
1115 1149 1268 1226 disposita,
1296 1156 1413 1210 ornata.

156 1241 158 1251 '
233 1249 281 1308 25.
304 1248 331 1308 5.
357 1252 468 1321 teuent,
495 1247 604 1400 colimtl,
626 1247 788 1322 possident.
830 1249 876 1306 37.
899 1247 1155 1320 1111111111.
1197 1249 1283 1308 Adde
1304 1268 1414 1326 quam-

158 1369 161 1375 ·
234 1365 323 1423 quam
344 1347 409 1420 etsi,
435 1345 575 1422 (111181111.
590 1344 648 1404 l.c.
665 1363 731 1420 pag·
747 1345 805 1419 98.)
826 1345 951 1421 proinde
964 1345 1063 1424 igitur
1085 1345 1118 1403 in
1135 1347 1192 1405 hoc
1211 1348 1291 1421 adea,
1312 1365 1416 1423 usque

234 1445 390 1503 adhuct
360 1449 415 1504 etc.
466 1443 524 1503 Sed
550 1442 689 1518 sufficiat,
715 1461 785 1501 nam
811 1461 913 1519 supra,
940 1461 1008 1501 cum
1033 1444 1069 1502 de
1093 1445 1253 1518 asyndeto
1222 1451 1413 1520 cageretiu,

233 1542 330 1600 iama
314 1541 371 1599 alia
391 1541 606 1617 exemplaa
548 1540 606 1598 alla
609 1545 738 1600 t.asunt

315 1657 383 1719 Huc
399 1659 542 1716 accedunt
556 1657 804 1715 nonnullaealiae
817 1657 991 1732 locutiones,
1006 1676 1081 1734 quae
1094 1658 1260 1735 pleonasmi
1279 1659 1414 1735 speciem

235 1775 306 1833 prae
328 1775 359 1816 se
379 1758 486 1815 ferunt.
509 1757 555 1815 29.
572 1758 597 1814 7.
620 1759 738 1830 tropaea
757 1755 891 1814 victricia
911 1756 958 1830 (11.
980 1755 1058 1815 Sittl.
1073 1757 1093 1815 l.
1108 1775 1133 1818 c.
1155 1776 1220 1834 pag.
1243 1761 1289 1819 95.
1310 1758 1414 1816 »Danu

235 1855 374 1913 lrommen
390 1855 598 1914 verschiedene
618 1854 724 1912 andere
738 1854 831 1912 Arten
852 1854 904 1912 des
920 1855 1123 1929 Pleonasmus,
1145 1856 1201 1930 die,
1224 1857 1414 1932 wenngleich

237 1955 293 2013 den
314 1955 489 2014 Africanam
509 1954 592 2012 nicht
613 1953 855 2012 ausschliesslich
875 1954 969 2029 eigen,
991 1955 1067 2013 doch
1087 1955 1151 2013 hier
1171 1975 1220 2014 am
1239 1957 1414 2030 haufigsten

236 2053 435 2111 vorkomnren.
477 2052 673 2130 Verbindung
695 2053 777 2111 eines
799 2071 986 2127 synonymen
1008 2053 1162 2128 Adjelrtivs
1182 2053 1246 2112 und
1266 2055 1412 2114 Substan-

237 2151 330 2225 tias«)
372 2150 397 2208 5.
421 2151 446 2208 3.
469 2151 613 2226 pertinaci
634 2151 788 2226 diligentia
808 2171 1007 2228 perseverare.
1049 2153 1077 2214 5.
1099 2153 1127 2215 5.
1149 2173 1223 2232 quae
1244 2173 1333 2230 supra
1352 2174 1412 2214 nos

238 2249 318 2308 caelo
341 2267 485 2326 suspensa
507 2249 620 2307 sublata
641 2254 718 2307 sunt.
762 2251 788 2310 6.
810 2252 836 2308 3.
858 2255 1018 2328 perpetuus
1039 2255 1125 2310 tenor
1167 2252 1211 2310 13.
1235 2255 1260 2310 1.
1283 2254 1413 2330 quisque

235 2351 368 2406 vestrum
388 2352 489 2405 tantus
510 2351 563 2421 est,
586 2347 611 2405 si
632 2348 769 2423 potuerit,
794 2333 936 2409 imitetur.
983 2352 1031 2410 21.
1053 2351 1081 2411 2.
1106 2349 1229 2408 utilitati
1254 2353 1413 2411 hominum

236 2447 417 2521 profuerunt.
460 2446 507 2504 33.
528 2446 556 2506 4.
579 2447 658 2522 quod
678 2465 738 2504 non
760 2447 799 2505 sit
819 2448 857 2506 iis
878 2453 946 2507 ante
967 2449 1158 2524 praedictum.
1201 2450 1249 2510 34
1271 2451 1318 2510 10.
1340 2469 1412 2509 con·

237 2549 303 2602 suet
291 2544 424 2602 tudinem
454 2544 676 2620 frequentamus
727 2545 773 2603 36.
799 2545 826 2603 8.
852 2545 960 2620 inclyti
988 2547 1159 2605 floruerunt
1216 2548 1299 2606 Adde
1328 2549 1354 2606 5.
1382 2551 1411 2608 4.

236 2647 281 2701 tot
268 2643 444 2702 tomnibus
471 2643 596 2702 saeculis
628 2645 677 2722 (11.
704 2644 820 2704 Terent
800 2646 936 2704 tAndr.
965 2647 990 2704 1.
1017 2647 1044 2707 1.
1071 2647 1119 2706 28.
1146 2625 1280 2724 plerique
1306 2665 1412 2706 omnes

236 2741 312 2802 11111.
336 2741 361 2799 1.
384 2743 410 2799 2.
433 2743 460 2800 5.
482 2741 552 2817 plus
572 2760 603 2800 sa
604 2742 663 2818 tis.)

316 2858 450 2917 Adiciam
471 2858 610 2935 deinceps
631 2859 705 2917 illud
726 2859 805 2936 quod
826 2859 919 2919 Garol.
941 2859 1018 2919 81111.
1039 2861 1060 2921 1.
1074 2879 1098 2920 1.
1118 2879 1184 2938 pag.
1206 2863 1244 2924 92
1267 2880 1309 2939 sq.
1331 2881 1413 2921 com-

237 2961 387 3030 memorat,
413 2975 471 3033 quo
496 2957 560 3015 loco
582 2959 617 3016 de
638 2959 809 3034 pleonasmo
830 2960 919 3016 verba
940 2960 1012 3017 facit
1032 2959 1241 3036 »Verbindung
1261 2961 1343 3020 eines
1359 2979 1412 3036 sy-

173 3115 175 3121 ,
237 3073 388 3129 nonymen
410 3055 545 3114 Genitivs
570 3056 626 3112 mit
651 3056 748 3114 einem
769 3057 858 3114 meist
878 3057 1048 3115 abstrakten
1070 3054 1250 3120 Substantiv¹
1292 3059 1413 3134 ltonto,

239 3153 364 3227 Gellius,
387 3152 550 3211 Tertullian
564 3154 659 3212 haben
680 3154 744 3212 sich
764 3173 823 3212 von
843 3155 954 3213 diesem
971 3155 1187 3214 Africanismus
1207 3157 1413 3232 freigehalten,

238 3252 382 3312 wahrend
400 3251 549 3309 Minucius
570 3251 654 3309 Felix
680 3253 732 3312 ihn
753 3253 919 3312 ann'endet:
957 3254 1002 3312 12.
1020 3256 1044 3313 1.
1060 3255 1165 3313 inritae
1185 3255 1413 3332 pollicitationis

239 3369 322 3410 cassa
345 3357 413 3410 vota
454 3351 501 3411 28.
524 3354 550 3410 6.
581 3353 776 3412 execrationis
805 3355 956 3428 horrorem
1002 3356 1028 3412 2.
1051 3356 1077 3412 3.
1103 3356 1414 3434 111111111111111111;«

240 3450 348 3526 quibus
370 3449 517 3527 exemplis
539 3450 646 3510 addam
681 3454 707 3509 2.
730 3455 757 3512 3.
779 3453 919 3530 frequens
939 3453 1122 3512 assiduitatis
1143 3473 1216 3514 usus
1258 3459 1284 3515 3.
1308 3458 1334 3516 1.
1354 3457 1413 3515 im-

239 3549 316 3624 perit
317 3549 361 3606 iae
382 3549 473 3607 caecit
474 3567 506 3607 as
541 3549 587 3608 26.
603 3552 629 3608 8.
651 3568 731 3608 error
751 3551 905 3626 pravitatis
939 3552 1031 3612 30.1.
1052 3553 1112 3610 fata
1132 3553 1289 3612 vulnerum
1319 3554 1365 3614 35.
1383 3555 1411 3614 3.

239 3647 324 3721 ignes
345 3647 506 3705 fulminum
547 3651 594 3709 38
617 3651 643 3707 6.
669 3649 796 3706 nostrit
797 3649 925 3725 emporis
946 3651 1107 3728 111111(11.
1126 3650 1260 3728 Propert.
1284 3654 1309 3711 1.
1331 3653 1358 3711 4.
1383 3653 1412 3714 7.

241 3750 483 3821 etquascunque
503 3746 573 3804 tulit
594 3747 715 3804 formosi
736 3747 877 3822 temporis
898 3750 998 3822 aetas.)

323 3860 398 3918 Tum
419 3860 594 3934 Hendiadys
615 3862 709 3936 figura
729 3862 762 3918 in
782 3862 905 3920 Minucii
927 3863 1042 3937 dialogo
1063 3883 1080 3922 a
1100 3883 1148 3923 me
1168 3865 1344 3942 investigata
1365 3871 1413 3926 est

240 3958 288 4016 1111
314 3958 401 4018 locis:
434 3960 480 4032 (11.
505 3960 607 4036 Draeg.
633 3977 656 4020 1.
680 3961 709 4018 h.
732 3958 764 4022 II
786 3980 851 4037 pag.
882 3963 917 4022 14
944 3966 1021 4038 sqq.)
1067 3967 1092 4024 l.
1117 3969 1141 4025 l.
1167 3963 1290 4024 dulcedo
1311 3969 1340 4023 et
1360 3967 1412 4024 ad-

241 4057 328 4114 fectio
349 4080 393 4099 =
412 4057 507 4116 dulcis
532 4058 657 4117 adfectio
700 4059 727 4120 1.
749 4059 775 4118 4.
798 4060 829 4117 in
855 4059 952 4119 lucem
978 4063 1140 4138 sapientiae
1165 4066 1194 4120 et
1214 4064 1347 4122 veritatis
1367 4090 1412 4110 =

242 4173 327 4213 verae
353 4155 512 4231 sapientiae
559 4159 584 4214 1.
611 4157 639 4217 5.
665 4157 818 4216 convictus
844 4163 873 4216 et
899 4159 1082 4219 familiaritas
1103 4183 1147 4202 ==
1166 4161 1321 4220 familiaris
1342 4181 1411 4220 con-

242 4253 339 4316 1111111
364 4254 391 4314 8.
402 4255 428 4314 2.
439 4272 547 4316 nomen
557 4259 586 4318 et
596 4256 753 4317 auctoritas
775 4257 821 4322 32.
833 4256 859 4318 5.
870 4261 958 4320 vento
970 4263 1000 4320 et
1009 4258 1308 4321 flatibus=flatibus
1317 4262 1409 4322 renti.
