3004 4948
692 726 790 806 Pars
821 725 962 808 altera.

815 1064 848 1121 Ι.

506 1246 563 1308 De
586 1242 844 1308 collocatione
866 1243 1157 1310 vocabulorum.

322 1439 359 1497 In
387 1440 597 1498 vocabulorum
625 1439 816 1498 collocatione
846 1440 975 1498 maxima
1005 1439 1170 1516 proprietas
1195 1442 1327 1499 cernitur
1356 1441 1427 1500 stili
1497 1433 1498 1460 ³

243 1537 416 1598 Minuciam.
437 1538 514 1596 Nam
525 1538 655 1613 vulgaris
665 1539 756 1596 moris
766 1539 862 1596 taedio
873 1543 977 1614 captus
988 1539 1138 1598 vocabulis
1147 1559 1255 1600 novam
1270 1541 1428 1616 quandam

243 1638 305 1696 vim
324 1637 487 1712 additurus,
510 1655 568 1714 quo
589 1637 683 1712 magis
704 1638 737 1694 in
758 1628 789 1698 se
815 1633 1019 1696 converterent
1043 1638 1204 1713 legentium
1229 1638 1355 1710 animos,
1383 1638 1428 1696 iis

243 1735 399 1824 insolitum
419 1736 452 1794 in
471 1736 624 1795 enuntiato
645 1737 743 1795 locum
764 1737 941 1812 assignavit·

323 1852 361 1909 In
380 1853 534 1911 adiectivie
559 1852 736 1911 collocandis
763 1871 836 1930 quae
861 1853 1068 1911 anominibus
1090 1855 1217 1930 propriis
1239 1855 1427 1926 derivantur,

245 1951 336 2010 certis
349 1951 466 2026 legibus
485 1970 546 2010 non
560 1952 751 2028 obtemperat,
772 1952 851 2028 quod
872 1952 925 2009 illa
938 1951 1081 2010 adiectiva
1094 1953 1202 2028 partim
1222 1957 1291 2011 ante
1312 1953 1429 2028 partim

246 2055 315 2126 post
328 2051 449 2108 nomina
466 2050 574 2125 posuit.
617 2047 677 2110 Gfr.
700 2052 726 2108 8.
749 2052 775 2108 2.
797 2050 968 2108 Theodorus
990 2049 1158 2124 Cyrenaeus
1179 2051 1205 2108 8.
1229 2052 1255 2109 2.
1277 2051 1429 2126 Diagoras

246 2151 355 2209 Melius
396 2150 423 2208 8.
450 2150 476 2207 3.
502 2150 663 2208 Abderiten
688 2149 888 2224 Pythagoram
930 2153 955 2209 7.
978 2150 1004 2208 5.
1027 2151 1158 2208 Romana
1183 2150 1288 2208 civitas
1331 2151 1428 2211 104

247 2250 380 2308 Romana
395 2249 567 2325 superstitio
597 2250 643 2308 10.
657 2250 686 2309 4.
701 2249 843 2308 Romanis
857 2250 1029 2308 numinibus
1058 2249 1104 2307 25.
1122 2251 1147 2308 1.
1162 2249 1276 2307 iustitia
1290 2249 1429 2308 Romana

249 2349 295 2407 19.
322 2350 350 2406 2.
378 2348 557 2406 Mantuanus
587 2347 668 2406 Maro
715 2348 760 2406 19.
786 2349 816 2409 4.
847 2348 954 2407 Thales
980 2348 1116 2406 Milesius
1162 2349 1207 2407 19.
1234 2351 1261 2408 4.
1288 2348 1429 2405 Milesius

248 2446 356 2505 Thales
407 2446 453 2505 19.
480 2445 506 2506 5.
532 2446 735 2522 Apolloniates
761 2447 909 2521 Diogenes
956 2447 1003 2506 19.
1030 2449 1056 2505 9.
1082 2446 1253 2504 Heraclides
1280 2446 1429 2504 Ponticus

250 2547 296 2608 19.
326 2547 370 2607 12.
396 2545 558 2619 Babylonio
584 2545 710 2620 Diogeni
756 2545 802 2603 19.
830 2546 876 2605 13.
903 2545 1071 2604 Socraticus
1096 2545 1264 2621 Xenophon
1306 2547 1428 2607 1913.

248 2647 370 2705 Ariston
399 2645 516 2705 Stoicus
568 2645 614 2702 25.
641 2647 667 2702 9.
698 2644 777 2702 llars
808 2643 950 2703 Thracius
996 2644 1042 2702 25.
1070 2645 1098 2704 9.
1124 2644 1261 2721 Juppiter
1288 2643 1429 2707 Creticus

249 2745 296 2805 30.
318 2745 345 2803 4.
367 2744 494 2804 Latiaris
515 2745 659 2820 Juppiter.

330 2863 388 2922 Sed
409 2880 633 2938 nonnumquam
654 2880 690 2919 ex
719 2861 843 2919 ohiasmi
863 2878 921 2919 usu
941 2860 1020 2918 varia
1041 2861 1250 2936 cognominum
1271 2861 1429 2920 collocatio

249 2961 443 3037 intellegitur.
466 2961 525 3019 011.
548 2962 594 3019 30.
611 2964 638 3020 4.
660 2959 765 3018 Tauris
780 2959 913 3018 Ponticis
927 2963 956 3017 et
972 2960 1121 3035 Aegyptio
1141 2960 1282 3020 Busiridi.
1325 2962 1373 3022 21.
1401 2966 1428 3022 l.

250 3060 364 3120 Dictaei
393 3061 475 3120 Joris
511 3065 541 3120 ct
570 3059 720 3136 Apollinis
750 3059 887 3136 Delphici
917 3063 947 3118 et
976 3059 1099 3118 Phariae
1129 3057 1220 3120 Isidis
1250 3063 1280 3117 et
1310 3057 1429 3121 Cereris

250 3159 428 3219 Eleusiniae.

331 3283 485 3340 Praeterea
505 3277 655 3336 Minucius
681 3275 899 3334 substantivum
925 3279 955 3334 ct
975 3276 1149 3334 attributum
1174 3277 1242 3336 aliis
1263 3277 1430 3336 sententiae

252 3382 386 3460 partibus
411 3376 609 3436 libentissime
634 3374 786 3448 disiungit‚
813 3392 871 3450 qua
895 3373 928 3430 in
947 3392 980 3432 re
1000 3374 1137 3432 licentior
1157 3381 1203 3433 est
1225 3394 1313 3452 quam
1334 3377 1428 3434 ceteri

254 3481 413 3556 scriptores
440 3478 489 3552 (cf.
510 3476 615 3550 Draeg·
637 3492 659 3533 s.
682 3473 713 3532 Τ.
735 3492 800 3550 pag.
823 3474 884 3546 86.)
906 3473 986 3532 Haec
1006 3492 1099 3550 pauca
1120 3475 1255 3550 exempla
1275 3475 1429 3549 congessi:

255 3581 300 3639 19.
325 3580 372 3639 10.
393 3576 547 3653 publicum
567 3573 664 3648 arguit
684 3573 812 3648 graviter
831 3575 861 3630 et
881 3571 1006 3630 revincit
1027 3589 1163 3631 errorem
1204 3575 1251 3630 20.
1275 3573 1299 3630 1.
1322 3571 1429 3630 multis

254 3679 325 3738 licet
345 3676 517 3751 designasse
537 3672 709 3732 nominibus
751 3672 797 3730 26.
816 3672 860 3732 12.
881 3672 913 3730 in
935 3671 1092 3747 Symposio
1113 3671 1203 3730 etiam
1226 3691 1288 3733 suo.
1331 3673 1377 3734 31.
1401 3675 1429 3731 8.

255 3785 358 3839 mutuo
385 3777 463 3854 quod
488 3774 595 3833 doletis
621 3791 727 3831 amore.
769 3774 815 3831 32.
838 3774 855 3830 2
877 3773 910 3829 in
930 3777 1031 3830 nostra
1052 3772 1231 3831 dedicandus
1252 3777 1298 3831 est
1318 3777 1429 3832 mento.

256 3880 302 3939 32.
325 3880 354 3939 2.
374 3876 407 3934 in
431 3878 533 3934 nostro
560 3872 651 3930 immo
672 3871 888 3930 consecrandus
909 3875 955 3929 est
976 3875 1102 3945 pectore.
1144 3871 1191 3930 38.
1214 3872 1240 3929 2.
1262 3871 1362 3929 vernis
1383 3871 1430 3927 in-

256 3978 377 4053 dulgere
406 3992 461 4034 nos
490 3972 619 4030 floribus,
665 3970 712 4030 40.
739 3971 766 4028 3.
792 3988 860 4028 cum
885 3969 1017 4027 maxima
1041 3970 1191 4028 iudicandi
1215 3971 1287 4028 mihi
1313 3969 1430 4032 invidia

257 4077 387 4136 detracta
408 4073 455 4133 sit.

337 4192 440 4252 Multis
465 4191 539 4249 locis
564 4188 707 4248 adiectivo
732 4189 780 4247 vel
805 4186 973 4265 pronomini
998 4187 1173 4264 plerumque
1198 4185 1430 4262 ascriptoribus

258 4292 424 4374 anteposito
458 4291 651 4372 posteriorem
683 4287 782 4348 locum
816 4288 929 4349 tribuit.
979 4288 1059 4348 Dlud
1089 4287 1209 4364 quidem
1238 4285 1340 4362 negari
1369 4303 1431 4344 non
