3004 4948
811 303 846 360 14

321 483 466 543 adverbia
490 503 558 544 eum
582 485 736 544 adiectivis
761 485 918 544 coniuncta
941 487 1014 544 haec
1040 504 1056 544 e
1083 485 1198 561 dialogo
1219 485 1339 562 collegi:
1361 505 1417 562 pa-

241 584 313 642 riter
337 583 443 642 incesti
469 583 497 643 9.
525 587 551 643 7.
577 585 659 642 cruri
684 583 814 643 molliter
833 584 944 642 littoris
965 586 993 645 3.
1014 587 1042 643 4,
1066 585 1255 660 impudenter
1275 585 1417 645 curiosus

244 683 289 743 10.
320 683 347 744 5.
379 682 496 742 incaute
526 683 637 740 creduli
664 683 709 741 14.
732 685 758 742 6.
780 682 939 741 infeliciter
959 683 1087 759 placitus
1107 684 1154 742 22.
1173 685 1200 743 4.
1222 684 1346 759 impune
1367 701 1418 742 sa-

241 781 343 857 crilegi
362 783 409 841 25.
431 784 458 841 6.
479 781 537 840 alte
562 783 711 841 succincta
731 783 779 842 22.
803 785 829 841 5,
856 783 929 841 bene
950 783 1086 842 barbatus
1108 783 1154 844 22.
1178 782 1206 839 5.
1227 783 1418 842 malesanae

241 879 389 954 opinionis
412 880 457 938 11.
479 881 505 938 9.
527 880 777 939 11111111ο124.
800 879 827 940 5.
849 881 896 954 (ef.
918 879 1052 956 Rebling.
1073 880 1093 940 l.
1115 900 1140 941 c.
1162 899 1228 956 pag.
1251 883 1292 954 7.)

320 977 443 1035 Adhuc
468 977 504 1035 de
524 981 657 1052 tempore
677 977 833 1054 praeterito
853 978 932 1036 haud
952 997 1018 1036 raro
1038 979 1117 1054 apud
1137 977 1256 1036 Livium
1277 982 1307 1036 et
1328 977 1416 1036 'laci-

241 1079 305 1132 tum
325 1075 440 1150 legitur.
461 1075 508 1148 (cf.
524 1075 628 1150 Draeg.
650 1093 674 1135 s.
694 1075 726 1135 Τ.
748 1093 813 1151 pag.
838 1075 868 1151 8)
888 1076 976 1152 Apud
994 1076 1158 1135 lllinucimn
1177 1093 1237 1134 uno
1258 1075 1331 1150 loco,
1351 1077 1417 1134 nisi

241 1172 312 1248 quid
335 1190 382 1232 me
402 1171 487 1248 fugit,
510 1173 553 1231 sic
573 1173 646 1248 legi:
668 1175 715 1232 28.
737 1176 764 1231 2.
786 1178 816 1232 11
836 1191 891 1232 nos
911 1174 991 1232 enim
1012 1173 1091 1232 idem
1112 1173 1236 1232 fecimus
1258 1179 1288 1232 et
1309 1175 1417 1233 eadem

241 1270 392 1329 vobiscum
412 1271 559 1348 quondam
579 1272 674 1330 adhuc
694 1273 771 1330 caeci
788 1277 818 1330 et
837 1273 956 1332 hebetes
978 1273 1184 1332 sentiebamus.
1214 1271 1335 1349 Usque
1356 1273 1415 1330 ad-

240 1368 308 1426 huc
327 1372 425 1428 exstat
446 1370 472 1427 5.
494 1373 523 1431 4.

320 1457 533 1518 Etiamnunc
557 1478 619 1536 pro
645 1461 825 1518 etiamtum
852 1461 877 1518 1.
903 1460 930 1518 5.
956 1461 988 1518 in
1013 1461 1065 1519 illo
1091 1461 1250 1536 praecipue
1277 1478 1416 1519 sermone

241 1547 305 1604 eius
330 1548 438 1606 mentis
464 1567 546 1608 meae
566 1550 676 1608 resedit
696 1550 831 1626 intentio,
853 1568 910 1625 quo
932 1550 1094 1608 Caecilium
1116 1549 1306 1624 superstiosis
1328 1550 1414 1607 vani-

241 1644 350 1702 tatibus
367 1646 548 1706 .etiamnune
577 1648 780 1706 inhaerentem
809 1648 1009 1723 disputatione
1039 1647 1214 1722 gravissima
1244 1648 1281 1704 ad
1312 1666 1414 1706 veram

241 1743 412 1818 religionem
432 1745 601 1803 reformavit
620 1746 761 1804 wodmch
781 1765 813 1805 er
833 1747 891 1805 den
912 1746 1023 1804 darnals
1053 1746 1129 1803 noch
1154 1746 1196 1802 im
1218 1745 1330 1803 Wahne
1358 1745 1413 1804 des
1438 1781 1443 1790 ·

158 1906 161 1914 ¹
241 1841 460 1917 Aberglanbens
482 1844 664 1918 befangenen
685 1843 829 1902 Caecilius
856 1845 887 1901 in
908 1844 989 1903 einer
1009 1843 1207 1919 gewichtigen
1228 1843 1413 1919 Erbrterung

243 1957 295 1996 zur
314 1941 433 1998 walnen
455 1941 719 2001 Claubensansicht
740 1943 886 2004 bekehrte.

322 2029 366 2087 De
394 2047 452 2088 usu
481 2030 609 2088 adverbii
640 2048 745 2108 saepe
774 2032 852 2090 idem
882 2032 942 2090 fere
974 2031 1131 2089 dicendum
1161 2035 1219 2102 est,
1250 2030 1328 2106 quod
1356 2030 1413 2091 nd.

243 2117 431 2177 Woelfflinus
455 2120 488 2176 11
512 2121 760 2180 commentatione
789 2122 824 2179 de
849 2120 994 2180 latinitate
1021 2120 1153 2181 Africani
1180 2117 1278 2181 Cassii
1302 2117 1412 2180 Felicis

243 2217 409 2293 conscripta
433 2218 584 2276 adnotavit
612 2219 642 2293 (1.
663 2237 688 2279 c.
710 2238 775 2295 pag.
796 2219 875 2296 410.)
920 2220 994 2278 »Das
1015 2220 1207 2279 absterbende
1229 2220 1412 2294 111111111-

243 2315 485 2392 hiltnissmtissig
504 2315 599 2375 selten
612 2316 659 2374 bei
674 2315 804 2391 Cassius,
825 2335 968 2396 wogegen
983 2318 1047 2376 sich
1067 2318 1115 2376 die
1129 2318 1269 2392 langeren
1284 2314 1412 2378 Formen

245 2415 362 2491 saepius
387 2415 448 2472 und
474 2413 646 2490 saepissime
671 2415 792 2474 leichter
811 2417 970 2492 behauptet
991 2416 1098 2493 haben)
1118 2416 1193 2474 wird
1218 2415 1264 2473 bei
1291 2414 1411 2473 Cassius

244 2512 328 2570 mehr
347 2511 392 2570 als
412 2517 591 2572 unterstittnt
612 2514 705 2572 durch
725 2515 777 2572 das
799 2519 875 2572 etwa
896 2515 933 2574 70
955 2515 1014 2572 mal
1035 2517 1211 2590 gebrauchte
1231 2515 1410 2590 frequenter,

244 2610 296 2668 das
322 2628 373 2667 um
399 2629 431 2669 so
455 2612 538 2670 mehr
562 2612 686 2685 auffallt‚
707 2630 794 2670 wenn
815 2631 883 2669 man
907 2613 970 2670 sich
991 2613 1129 2688 erinnert,
1151 2614 1220 2672 dass
1241 2611 1412 2690 frequenter

245 2707 293 2766 ein
318 2727 376 2766 von
398 2709 513 2782 Caesar,
535 2709 645 2768 Sallust
669 2709 731 2766 und
757 2710 908 2768 mehreren
929 2710 1040 2768 andern
1061 2711 1113 2770 der
1133 2716 1225 2787 guten
1245 2713 1309 2771 Zeit
1329 2712 1410 2770 nicht

245 2807 453 2880 angewaudtes
478 2806 563 2864 Wort
587 2807 652 2868 ist«
693 2805 787 2884 Saepe
812 2808 892 2883 apud
915 2808 1079 2867 Minucium
1103 2810 1150 2868 bis
1175 2810 1283 2886 legitru
1307 2812 1334 2870 5.
1366 2810 1409 2870 10.

246 2905 293 2963 31.
314 2905 342 2962 4.
364 2905 480 2980 saepius
503 2906 547 2964 14.
567 2908 594 2964 5.
614 2906 663 2967 34.
678 2908 704 2965 6.
720 2908 767 2965 35.
790 2907 816 2966 1.
838 2906 885 2964 36.
908 2909 935 2968 8.
957 2907 1126 2982 frequenter
1146 2907 1208 2966 sive
1228 2909 1410 2985 frequentius

247 3001 273 3060 3.
296 3002 332 3076 6.,
355 3005 380 3062 7.
402 3002 438 3077 3.,
461 3003 506 3062 14.
528 3004 564 3076 5.,
586 3005 633 3062 31.
655 3004 691 3078 4.‚
713 3005 759 3063 25.
783 3005 828 3064 11.

326 3100 412 3159 Bald
438 3138 474 3146 —
500 3105 581 3164 bald
605 3106 680 3164 alias
706 3139 742 3149 -
769 3107 842 3169 alias
869 3105 914 3166 19.
944 3109 988 3170 10.
1014 3105 1134 3164 interim
1161 3137 1197 3148 -
1224 3105 1409 3164 1111111116.

247 3200 274 3257 2.
301 3201 346 3258 19.
373 3200 401 3261 9.
426 3203 512 3262 11οά1
538 3239 577 3247 -
602 3205 688 3263 modo
714 3205 760 3263 22.
787 3209 815 3266 6.
842 3207 888 3266 19.
915 3207 960 3265 10.
988 3205 1144 3265 Cleanthes
1170 3203 1249 3261 enirn
1274 3207 1409 3273 mentem,

247 3298 334 3356 modo
358 3299 483 3376 aethera,
504 3303 677 3380 plerumque
697 3305 840 3363 rationem
861 3306 948 3364 deum
969 3303 1118 3363 dissentit,
1140 3302 1218 3378 (ante
1238 3301 1410 3360 rocabrdnm

247 3401 399 3455 mentem
424 3401 565 3460 omissum
592 3407 638 3461 est
662 3403 773 3480 modo)
797 3421 935 3462 1111-
956 3401 1104 3462 1111125.
1127 3401 1153 3458 9.
1176 3403 1222 3461 31.
1244 3399 1271 3457 4.
1294 3403 1341 3459 37.
1366 3399 1409 3456 12,

327 3495 406 3553 Mox
431 3498 519 3556 etiam
545 3500 576 3558 in
596 3501 793 3577 complurium
813 3519 911 3561 rerum
932 3500 1150 3559 enumeratione
1170 3502 1346 3574 usurpatum
1366 3501 1410 3558 est

251 3593 297 3654 13.
312 3597 339 3654 4.
354 3595 503 3670 primo-
518 3616 588 3656 mox
603 3633 639 3641 -
656 3603 804 3674 postremo
824 3600 862 3661 ef.
884 3599 951 3659 Tac.
973 3617 1040 3657 ann.
1064 3597 1109 3658 11.
1131 3599 1179 3656 22.
1201 3595 1279 3657 1111.
1302 3597 1327 3654 1.
1342 3599 1368 3655 9.
1385 3600 1408 3656 6.

329 3693 479 3753 Interim
507 3697 687 3756 adversative
716 3698 880 3756 adhibitum
908 3701 954 3756 est
991 3699 1017 3756 8.
1044 3699 1070 3756 5.
1097 3700 1126 3755 11
1151 3696 1221 3753 dum
1246 3696 1321 3754 mori
1345 3699 1410 3770 post

250 3797 375 3852 mortem
396 3794 510 3869 timent,
531 3796 651 3855 interim
670 3797 949 3855 111111111111111
970 3797 1018 3858 22.
1033 3796 1059 3853 5.
1101 3795 1192 3854 Janus
1213 3812 1281 3853 vero
1301 3795 1410 3852 frontes

250 3893 324 3951 duas
354 3897 463 3969 gestat,
493 3895 577 3971 quasi
606 3900 636 3953 et
655 3913 776 3954 aversus
797 3896 925 3956 incedat:
952 3895 1046 3953 Diana
1070 3895 1188 3953 interim
1213 3911 1238 3951 1.
1265 3912 1292 3969 q.
1319 3911 1342 3951 s.
1368 3892 1409 3950 Cf.

252 3993 352 4052 Senec.
377 3994 414 4052 ad
439 3995 528 4051 finem
554 4010 610 4052 sec.
638 4011 746 4052 suasor.
778 3994 910 4052 »interim
935 4011 995 4051 non
1021 3993 1130 4065 dubito,
1159 3991 1231 4068 quin
1256 4009 1336 4048 nunc
1360 4009 1410 4048 vos
1494 4031 1495 4040 .

252 4092 317 4167 ipsa
346 4109 420 4167 quae
450 4093 597 4150 offensura
628 4096 710 4166 sunt,
740 4093 811 4150 titia
840 4093 1008 4164 delectent«
1037 4097 1067 4150 et
1096 4092 1186 4168 praef.
1217 4090 1282 4148 libr.
1307 4088 1358 4146 IV.
1385 4089 1409 4148 6.

252 4209 354 4266 »quam
375 4207 479 4266 magna
500 4191 620 4250 1111111111
642 4209 711 4272 pars
731 4197 809 4252 esset
829 4192 940 4268 ingenii
961 4191 1066 4251 dolon«
1111 4191 1160 4266 (of.
1187 4189 1322 4266 Rebling.
1347 4189 1365 4248 l.
1387 4207 1410 4248 c.
1494 4229 1495 4254 t

253 4307 318 4368 uae·
340 4291 398 4366 23)
