3004 4948
170 1175 207 1234 M.
234 1175 382 1235 Minucius
403 1175 500 1251 Felix,
522 1177 573 1254 qui
595 1177 758 1236 doctrinam
779 1177 978 1237 Christianam
1005 1181 1106 1238 contra
1126 1179 1259 1239 convicia

84 1274 373 1350 obtrectationesque
394 1275 550 1350 gentilium
572 1275 652 1334 dulci
673 1277 798 1352 quadam
819 1277 942 1335 lenitate
971 1277 1063 1335 animi
1084 1282 1173 1354 atque
1193 1297 1258 1353 gra·
1331 1279 1333 1288 '

83 1372 206 1430 tissima
227 1373 368 1431 orationis
389 1355 534 1449 elegantia
555 1374 696 1448 defendit,
717 1393 775 1451 quo
796 1380 928 1451 tempore
942 1375 1051 1434 vixerit
1071 1380 1101 1434 et
1114 1375 1258 1450 libellum,

83 1471 140 1545 qui
155 1469 294 1530 Octavius
310 1472 489 1545 inscribitur,
511 1473 644 1546 ediderit,
667 1471 719 1533 diu
734 1474 789 1531 sub
803 1473 900 1531 iudice
913 1474 952 1532 lis
966 1474 1031 1532 fuit.
1074 1472 1258 1552 Quamquam

83 1569 169 1627 enim
188 1567 388 1644 Hieronymus
414 1571 446 1628 in
472 1571 603 1646 catalogo
630 1587 697 1646 suo,
725 1589 783 1648 quo
805 1572 964 1646 scriptores
985 1571 1200 1630 ecclesiasticos
1222 1589 1258 1634 eo

83 1685 146 1742 quo
176 1668 314 1726 1111010111
339 1670 442 1728 ordine
462 1676 608 1744 recenset,
636 1671 723 1728 illum
749 1668 870 1745 Origeni
901 1670 1082 1747 proximum,
1109 1669 1258 1746 Cypriane

83 1767 215 1841 priorem
241 1769 336 1829 fuisse
361 1769 484 1826 obscure
510 1769 669 1843 significat,
697 1773 795 1826 tamen
820 1768 885 1827 eius
910 1771 1037 1830 aetatem
1061 1786 1122 1826 non
1147 1768 1259 1826 indicat

83 1864 233 1928 distincte.
276 1865 357 1940 Quae
375 1884 442 1924 cum
458 1867 499 1924 ita
520 1867 588 1940 sint,
610 1865 687 1924 inter
707 1866 787 1924 viros
808 1866 909 1926 doctos
930 1872 1048 1925 nostrae
1068 1866 1173 1924 aetatis
1195 1866 1257 1938 alii,

83 1967 120 2019 ut
144 1963 352 2039 Luebkertius,
383 1965 434 2042 qui
464 1965 544 2023 hunc
574 1965 723 2039 dialogum
752 1965 844 2022 edidit
874 1969 903 2022 et
923 1964 1092 2040 germanice
1116 1964 1257 2038 reddidit,

82 2059 250 2120 Minucium
279 2064 447 2122 Alexandro
473 2064 580 2124 Severo
611 2062 786 2140 imperatore
816 2065 996 2139 (aar-235)
1023 2063 1137 2122 vixisse
1165 2067 1257 2121 statu-

83 2163 179 2236 erunt,
207 2157 253 2233 (cl.
279 2161 389 2221 Luebk.
421 2163 491 2222 edit.
518 2163 626 2220 Minue.
652 2161 735 2238 Lips.
765 2163 842 2223 1836
873 2180 939 2238 pag.
971 2163 1003 2237 6)
1034 2161 1098 2236 alii,
1125 2161 1257 2239 exempli

83 2259 179 2332 gratia
203 2260 364 2336 Roerenus,
399 2262 500 2335 Faber,
528 2261 688 2320 Teuffelius
714 2261 800 2319 illum
826 2266 877 2320 aut
902 2261 1043 2320 extremis
1069 2259 1256 2336 imperatoris

85 2358 231 2418 Antonini
256 2359 302 2418 Pii
329 2361 510 2435 (138-161)
537 2365 588 2418 aut
612 2359 718 2436 primis
743 2360 931 2438 imperatoris
957 2359 996 2417 M.
1018 2359 1132 2416 Aurelii
1155 2357 1257 2419 Philo·
1371 2373 1372 2376 ’

85 2456 172 2530 sophi
202 2457 384 2534 (161-180)
415 2459 598 2536 temporibus
636 2459 786 2534 dialogum
821 2458 977 2535 scripsisse
1008 2458 1256 2517 existimaverunt

83 2553 132 2626 (cf.
147 2554 273 2614 Roereni
292 2557 460 2616 Minuciaua
480 2558 511 2615 in
532 2575 629 2634 progr.
651 2557 825 2615 Academiae
845 2557 1004 2615 Rhenanae
1024 2556 1255 2632 Bedburgensis,

85 2651 224 2712 Coloniae
247 2657 323 2716 1859
349 2675 416 2733 pag.
439 2658 490 2732 103
512 2656 614 2714 Faberi
635 2656 912 2714 commentationem
933 2655 965 2712 in
986 2673 1082 2731 progr.
1104 2655 1255 2729 gymnasii

82 2751 230 2812 Nordhus.
265 2755 340 2814 1872
371 2774 401 2831 p.
428 2757 455 2828 2,
481 2754 606 2814 Γ10011011
637 2755 706 2816 bist.
737 2755 794 2813 litt.
821 2774 851 2832 p.
877 2755 935 2814 846
960 2754 1044 2829 Lips.
1074 2753 1170 2827 1876.)
1197 2752 1256 2812 Sed

83 2853 287 2912 recentissimo
298 2853 416 2913 demum
425 2859 558 2930 tempore
572 2853 695 2927 Dessau,
709 2853 962 2926 virdoctissimus,
983 2853 1015 2910 in
1036 2851 1214 2910 »Bullettino
1224 2851 1255 2908 di

85 2951 327 3026 corrispondenza
346 2953 559 3028 archeologioa«
582 2953 660 3012 1880
680 2972 708 3029 p.
731 2954 770 3014 33
791 2971 834 3028 sq.
857 2953 911 3011 sub
933 2950 1089 3024 Caracalla,
1111 2950 1162 3026 qui
1184 2949 1256 3007 inde

84 3048 119 3106 ab
144 3067 221 3108 anno
247 3053 302 3112 211
333 3069 429 3128 usque
455 3052 491 3109 ad
512 3069 623 3109 annum
644 3053 701 3112 217
723 3051 880 3127 imperium
900 3050 1066 3108 Romanum
1087 3049 1192 3120 tenuit,
1214 3047 1253 3105 M.

83 3143 248 3206 Minucium
269 3149 396 3210 Felicem
416 3151 553 3210 floruisse
573 3151 744 3210 acutissime
766 3150 901 3209 ostendit.

163 3243 348 3324 Quamquam
362 3249 397 3308 de
411 3249 533 3308 Minucii
547 3249 661 3324 origine
677 3254 706 3307 et
724 3249 786 3306 vita
806 3248 884 3306 nihil
904 3265 997 3323 paene
1018 3248 1090 3306 certi
1111 3247 1254 3305 traditum

83 3347 143 3415 est,
169 3345 229 3403 nisi
255 3348 333 3423 quod
359 3349 469 3407 Romae
495 3351 573 3407 haud
599 3349 738 3424 ignobilis
764 3349 842 3406 inter
866 3347 1031 3406 causidicos
1056 3346 1114 3404 loci
1136 3345 1193 3402 fuit
1215 3377 1254 3386 —

83 3439 139 3498 hoc
150 3443 228 3500 enim
244 3449 273 3502 et
286 3445 1004 3524 016001006001011οΗ101011111110101.1100111101.
1016 3443 1252 3516 5.1,Hieronym.

83 3538 121 3596 de
145 3541 198 3598 vir.
224 3542 265 3600 ill.
292 3545 342 3620 58)
367 3546 551 3622 intellegitur
576 3564 672 3624 neque
693 3548 749 3604 hoc
769 3547 834 3622 ipse
855 3543 1036 3616 dissimulat,
1058 3560 1124 3601 cum
1151 3541 1253 3600 vinde-

83 3637 209 3696 miarum
222 3641 304 3700 feriis
319 3661 419 3702 curam
439 3645 623 3703 iudiciariam
645 3645 701 3703 sibi
721 3645 877 3703 remissam
897 3643 992 3701 fuisse
1013 3641 1085 3699 dicit
1106 3641 1145 3714 (2.
1161 3640 1200 3714 3.)
1214 3673 1253 3682 —

85 3739 173 3811 atquc
186 3756 253 3800 una
273 3759 341 3799 cum
361 3743 541 3802 amicissimo
563 3761 616 3801 suo
638 3742 758 3802 Octauio
778 3743 867 3800 fidem
882 3740 1080 3800 Christianam
1101 3738 1253 3814 professus

84 3837 130 3890 est
160 3836 239 3911 (1.4),
269 3843 367 3897 tamen
396 3841 532 3916 equidem
567 3841 672 3898 Atrum
707 3841 792 3898 illum
822 3840 915 3898 fuisse
946 3839 1093 3914 suspicor,
1126 3839 1156 3893 et
1183 3834 1254 3910 quia

85 3929 214 3993 Cornelii
239 3936 395 3996 Frontonis
417 3938 560 3998 Cirtensis
586 3940 628 3997 ita
652 3939 831 3997 mentionem
858 3937 936 4010 facit,
963 3940 997 3993 ut
1017 3936 1049 3993 in
1069 3933 1168 3992 Africa
1189 3949 1253 3990 sese

84 4037 233 4090 versatum
247 4052 312 4094 esse
334 4036 488 4111 significet,
509 4039 580 4111 (9.6)
602 4042 631 4095 01
652 4038 722 4113 quia
741 4037 770 4094 id
793 4036 910 4094 dicendi
932 4033 1137 4108 scribendique
1158 4048 1253 4107 genus

85 4141 203 4198 secutus
223 4141 277 4210 est,
301 4155 359 4212 quo
380 4141 466 4195 autea
480 4136 597 4210 Fronto,
618 4136 772 4210 Apuleius,
794 4134 907 4194 Gellius
928 4137 958 4191 et
978 4137 1081 4209 postea
1095 4129 1252 4202 ArnobiuS,

85 4237 261 4318 Cyprianus,
282 4239 331 4297 alii
353 4239 402 4297 usi
426 4242 502 4297 sunt.
546 4233 623 4296 Nam
645 4237 670 4296 si
692 4235 763 4313 quid
784 4235 828 4292 illi
849 4234 961 4292 habent
981 4232 1014 4290 111
1033 4230 1131 4290 verbis
1150 4232 1201 4288 aut
1220 4228 1253 4286 111
