3004 4948
815 295 851 347 34

191 503 195 510 ·
245 488 299 529 vos
327 470 456 546 tergitis,
482 469 645 544 mundatis,
672 470 793 530 eraditis
818 475 848 530 et
872 471 942 530 illos
963 490 1038 548 quos
1063 471 1161 530 facitis
1191 472 1361 549 protegitis,
1395 475 1433 530 et

245 569 368 642 timetis,
390 568 461 626 dum
474 568 681 644 unusquisque
699 573 831 626 vostrum
845 587 906 627 non
920 569 1029 644 cogitat
1049 570 1134 648 prius
1155 589 1187 629 se
1207 571 1310 629 debere
1331 571 1431 628 deum

245 685 335 726 nosse
350 684 438 743 quam
452 665 556 740 colere,
577 666 649 723 dum
668 665 837 726 inconsulte
855 667 1032 742 gestiunt..
1051 713 1056 726 .
1073 713 1102 743 .,
1123 670 1194 728 dum
1217 668 1281 727 fieri
1304 667 1433 726 malunt

246 810 404 828 ......
427 765 519 839 ,dum
540 765 617 822 nihil
638 783 676 824 ex
691 765 739 824 his
760 783 835 842 quae
855 766 962 825 timent
982 772 1099 826 norunt.
1128 771 1175 827 37.
1192 768 1432 826 ranuncener-

245 865 292 924 uis
312 864 418 923 histrio
438 881 568 922 amorem
589 863 660 921 dum
680 863 767 938 fingit
787 863 904 939 infligit.

325 980 392 1038 Uno
417 980 481 1038 loco
506 980 586 1037 dum
611 979 743 1056 positum
770 985 824 1054 est,
850 980 901 1038 ubi
922 985 1078 1056 exspectes
1098 986 1143 1040 ut.
1187 982 1233 1040 18.
1255 984 1282 1042 8.
1304 986 1334 1040 et
1354 982 1432 1040 ideo

247 1079 291 1138 sic
311 1097 379 1137 eum
400 1079 450 1156 (sc.
466 1078 572 1154 Deum)
593 1078 684 1154 digne
703 1079 902 1155 aestimamuS,
926 1081 997 1138 dum
1018 1080 1263 1140 inaestimabilem
1284 1081 1432 1140 dicimus

337 1201 384 1264 De
408 1202 581 1264 enuntiatis
606 1200 798 1265 modalibus.
839 1209 876 1265 In
890 1208 1003 1267 duabus
1025 1209 1180 1268 sententiis
1201 1209 1321 1267 interae
1341 1225 1432 1266 com-

246 1305 386 1382 parandis
410 1289 560 1363 Minucius
585 1291 668 1363 Felix
702 1305 750 1364 his
779 1305 874 1364 utitur
903 1306 1054 1382 formulis,
1080 1325 1155 1383 quae
1184 1307 1254 1384 plus
1283 1305 1433 1364 minusve

246 1405 336 1463 etiam
357 1403 389 1461 in
409 1403 535 1462 aliorum
557 1403 736 1479 scriptorum
756 1422 814 1463 usu
835 1409 919 1463 sunt:

328 1499 371 1563 Ut
392 1535 429 1544 -
450 1502 492 1560 ita
523 1503 570 1562 14.
598 1503 623 1559 1.
650 1507 684 1560 ut
709 1501 945 1563 Christianorum
970 1504 1160 1580 praecipuus,
1186 1503 1228 1562 ita
1252 1506 1432 1579 postremus

246 1601 501 1678 philosophorum.
548 1601 596 1662 34.
623 1601 668 1659 10.
699 1605 734 1658 ut
762 1602 867 1660 audeat
895 1619 1062 1680 repugnare
1091 1602 1242 1660 hominem
1266 1621 1284 1660 a
1308 1602 1364 1660 deo
1391 1605 1433 1657 ut

238 1699 377 1777 'primum
403 1699 537 1778 potuisse
562 1699 647 1777 hugi,
673 1699 716 1758 ita
739 1718 828 1776 posse
853 1701 949 1760 denuo
974 1701 1134 1760 reformari.
1181 1703 1228 1761 36.
1255 1703 1281 1760 3.
1303 1700 1431 1758 animus

247 1801 328 1858 enim
347 1804 382 1857 ut
401 1799 476 1857 luxu
498 1797 632 1872 sohitur,
658 1798 700 1857 ita
720 1799 890 1874 frugalitate
909 1801 1051 1858 firmatur.
1097 1803 1145 1861 36.
1168 1803 1194 1860 6.
1215 1805 1250 1871 ut
1271 1800 1323 1876 qui
1343 1799 1432 1857 viam

247 1900 317 1958 terit
326 1893 365 1957 'eo
386 1899 501 1958 felicior
521 1917 579 1974 quo
600 1898 694 1958 levior
714 1899 832 1974 incedit,
853 1899 896 1958 ita
915 1899 1027 1958 beatior
1046 1899 1079 1956 in
1099 1899 1156 1958 hoo
1176 1899 1282 1958 itinere
1301 1897 1431 1956 vivendi

248 1999 300 2076 qui
320 2001 493 2075 paupertate
514 2015 546 2056 se
567 1996 708 2056 sublevat.

328 2096 374 2158 lta
395 2131 434 2140 —
454 2101 489 2154 ut
510 2096 558 2156 34.
579 2099 624 2155 11.
644 2097 686 2155 ita
704 2115 811 2172 corpus
830 2097 863 2154 in
884 2097 1020 2174 sepulcro
1042 2101 1076 2155 ut
1095 2097 1214 2156 arbores
1234 2097 1267 2154 in
1288 2096 1430 2155 hibern0.

248 2197 295 2256 35.
311 2196 338 2256 5.
360 2214 539 2273 quamquam
559 2195 709 2272 imperitia
729 2196 777 2255 dei
799 2196 927 2256 sufficiat
947 2197 997 2271 ita,
1018 2201 1052 2255 ut
1072 2196 1179 2255 notitia
1198 2196 1294 2274 prosit
1314 2195 1352 2253 ad
1373 2213 1429 2252 ve-

247 2296 337 2371 niam,
358 2301 458 2354 tamen
479 2313 503 2354 e.
526 2314 555 2372 q.
578 2312 602 2356 a.
1094 2280 1104 2304 '

330 2409 373 2476 Ut
393 2447 432 2456 -—
454 2412 504 2485 sic,
526 2416 616 2488 prout
636 2445 676 2454 —
696 2411 745 2470 ita.
788 2412 836 2473 16.
851 2411 877 2470 3.
892 2415 926 2470 ut
945 2412 996 2490 qui
1010 2416 1121 2470 rectam
1138 2411 1218 2470 viam
1237 2411 1340 2483 nescit,
1362 2411 1429 2486 ubi,
1497 2385 1498 2451 i

149 2577 152 2582 ,
248 2516 283 2571 ut
306 2513 349 2587 fit,
374 2513 408 2570 in
427 2511 529 2588 plures
554 2529 614 2570 una
634 2511 808 2589 diffinditur,
829 2511 934 2572 haeret
954 2511 1062 2569 anxius
1083 2554 1091 2571 .
1113 2555 1119 2568 .
1142 2555 1149 2568 .
1171 2555 1177 2568 .
1200 2553 1207 2584 ,
1230 2509 1341 2590 siccui
1362 2527 1431 2566 non

249 2616 296 2670 est
320 2611 384 2670 veri
410 2610 514 2670 stabile
534 2609 691 2684 iudicium,
721 2614 811 2686 prout
834 2611 926 2668 infida
951 2609 1081 2686 suspicio
1107 2609 1265 2685 spargitur,
1291 2608 1333 2664 ita
1358 2608 1429 2665 eius
1496 2641 1497 2656 .

250 2711 338 2769 dubia
363 2709 463 2786 opinio
488 2709 659 2785 dissipatur.
705 2711 752 2769 36.
783 2712 809 2769 9.
835 2709 937 2787 itaque
961 2714 996 2767 ut
1020 2726 1125 2766 aurum
1149 2707 1277 2782 ignibus,
1305 2707 1348 2765 sic
1368 2724 1429 2764 nos

250 2809 471 2868 discriminibus
492 2808 651 2883 arguimur.
1104 2819 1108 2830 ·

331 2925 415 2985 Sicut
436 2959 472 2968 —
495 2925 537 2983 ita
562 2925 608 2983 34.
634 2926 680 2986 10.
707 2925 785 2984 siout
809 2925 846 2984 de
866 2925 961 2984 nihilo
987 2923 1070 2982 nasci
1095 2923 1189 2996 licuit,
1210 2923 1252 2980 ita
1272 2922 1309 2980 de
1329 2921 1428 2980 nihilo
1495 2979 1496 2984 ,

250 3025 338 3083 licere
362 3023 499 3101 reparari.
546 3023 593 3082 35.
620 3024 647 3082 3.
674 3025 750 3084 sicut
775 3025 859 3100 ignes
884 3024 1045 3082 fulminum
1070 3041 1192 3098 corpora
1217 3025 1344 3096 tangunt
1368 3039 1429 3080 nec

251 3125 418 3196 absumunt,
441 3123 517 3182 siout
537 3123 623 3198 ignes
642 3123 766 3183 Aetnaei
786 3124 897 3182 montis
919 3168 924 3182 .
948 3168 955 3184 .
978 3167 985 3184 .
1007 3167 1015 3184 .
1036 3123 1162 3197 flagrant
1181 3139 1237 3179 nec
1257 3125 1427 3194 erogantur,
1495 3075 1496 3149 i

250 3223 293 3282 ita
317 3223 442 3298 poenale
467 3222 543 3280 illud
568 3223 739 3280 incendium
768 3241 829 3281 non
855 3223 971 3282 damnis
1006 3222 1173 3281 ardentium
1203 3221 1346 3298 pascitur,
1372 3221 1427 3277 sed

250 3321 373 3380 inexesa
393 3339 549 3398 corporum
568 3321 745 3380 laceratione
765 3322 906 3384 nutritur.

333 3437 404 3496 Tam
435 3471 472 3480 -·-
504 3455 605 3514 quam:
651 3456 738 3496 nemo
768 3441 829 3496 tam
859 3455 972 3514 pauper
999 3441 1099 3514 potest
1124 3454 1190 3496 esse
1220 3455 1309 3513 quam
1337 3439 1425 3496 natus
1494 3421 1495 3499 i

254 3541 300 3597 est
320 3539 367 3597 36.
390 3539 418 3598 5.

334 3664 418 3737 Quod
442 3665 571 3740 pertinet
595 3664 632 3722 ad
663 3660 901 3722 enuntiatorum
937 3658 1226 3739 proportionalium
1257 3683 1345 3723 usum
1372 3665 1425 3722 vix

255 3765 416 3842 quidquam
440 3767 603 3822 memoratu
628 3762 753 3838 dignum
777 3762 988 3836 videturesse,
1014 3762 1073 3820 nisi
1098 3767 1215 3838 »prout«
1236 3780 1294 3838 quo
1316 3761 1423 3836 Cicero,
1493 3785 1494 3849 l

254 3863 367 3938 Livius,
387 3862 497 3921 Seneca
509 3880 584 3934 raro,
600 3861 718 3923 Tacitus
732 3862 919 3937 frequentius
940 3865 1073 3934 utuntur,
1094 3862 1173 3937 aqud
1187 3861 1352 3919 Minucium
1364 3879 1423 3918 uuo

254 3962 327 4036 loco,
348 3961 408 4020 nisi
422 3961 494 4038 quid
508 3979 555 4020 me
568 3961 654 4036 fugit,
675 3961 735 4036 legi
756 3967 844 4036 atque
864 3959 1060 4019 indicativum
1079 3959 1230 4018 asciscere.
1272 3959 1330 4018 Hic
1342 3959 1423 4018 locus

256 4065 353 4120 exstat
374 4059 420 4117 27.
437 4062 463 4118 7.
478 4063 567 4135 prout
580 4060 654 4118 fides
668 4059 810 4136 patientis
824 4059 943 4116 adiuvat
956 4064 1008 4117 aut
1028 4059 1122 4134 gratia
1135 4058 1267 4116 curantis
1287 4057 1421 4134 adspirat.
1492 4089 1493 4136 l

335 4189 380 4248 De
406 4184 639 4246 enuntiatorum
670 4183 846 4246 causalium
869 4207 926 4248 usu
951 4188 1150 4247 adnotandum
1176 4192 1222 4248 est
1252 4191 1422 4266 quotenus

257 4307 275 4350 a
294 4288 424 4350 Minucio
445 4307 499 4368 pro
521 4290 688 4370 quoniam
708 4288 875 4352 adhibitum
896 4307 962 4351 osse
983 4289 1010 4348 6.
1032 4289 1059 4350 6.
1331 4305 1337 4308 ·
