3004 4948
548 782 646 862 Pars
676 783 788 884 prior.

652 1085 685 1142 1.
774 1107 778 1116 .

428 1263 484 1326 De
507 1261 686 1344 partibus
710 1263 907 1330 orationis.

172 1464 218 1525 De
242 1461 464 1528 substantivis
511 1468 700 1528 Substantiva
728 1471 874 1530 abstracta
904 1490 957 1548 pro
983 1474 1128 1533 concretis
1153 1476 1251 1550 posita

72 1569 209 1627 Minucio
230 1569 317 1627 Felici
345 1589 412 1628 cum
433 1571 500 1628 aliis
522 1570 723 1645 scriptoribus,
749 1572 906 1648 praecipue
931 1590 999 1631 cum
1023 1573 1118 1648 Livio,
1140 1575 1249 1648 Tacite,

73 1669 247 1726 communia
269 1674 338 1728 sunt
360 1672 406 1744 (cf.
422 1671 525 1745 Draeg.
548 1689 591 1746 gr.
614 1671 668 1728 h.I
689 1689 755 1746 pag.
778 1671 824 1728 22.
841 1689 884 1748 sq.
910 1677 940 1730 et
966 1677 1043 1746 synt.
1066 1673 1097 1731 T.
1120 1693 1187 1749 pag.
1209 1676 1249 1748 2.)

72 1767 224 1844 Exempla
243 1769 315 1828 haee
335 1770 455 1845 collegi:
477 1771 638 1846 antiquitas
660 1770 678 1827 i.
700 1789 727 1846 q.
749 1769 865 1846 antiqui
887 1771 967 1846 6.·3;
989 1771 1066 1846 8.,2.
1088 1772 1250 1832 coniuratio

73 1867 96 1926 i.
126 1887 154 1943 q.
184 1868 330 1926 coniurati
356 1871 383 1927 8.
409 1871 437 1927 4.
464 1869 621 1928 comitatus
647 1869 667 1929 i.
694 1887 721 1944 q.
743 1869 866 1927 comites
887 1869 934 1928 37.
957 1872 983 1929 9.
1007 1871 1158 1946 gentilitas
1179 1872 1197 1930 i.
1220 1891 1249 1948 q.

73 1965 205 2040 gentiles
230 1968 313 2028 104.
335 1968 504 2026 humanitas
524 1969 543 2026 i.
565 1987 592 2044 q.
614 1968 749 2026 homines
770 1970 797 2026 8.
819 1970 853 2042 23
878 1967 923 2025 17.
948 1971 978 2044 13
1001 1971 1048 2030 26.
1072 1972 1118 2030 11.
1140 1971 1250 2030 indicia

73 2063 94 2119 i.
111 2082 139 2139 q.
161 2064 274 2123 indices
296 2065 342 2124 33.
363 2070 386 2126 l.
408 2070 513 2124 natura
533 2065 550 2123 i.
573 2085 602 2141 q.
623 2065 764 2140 genitalia
785 2068 811 2124 9.
826 2069 854 2128 4.
875 2068 1007 2143 nequitia
1027 2068 1045 2125 i.
1068 2087 1249 2145 qnequam

73 2163 213 2222 homines
234 2167 324 2226 5.11.
347 2165 535 2241 philosophia
555 2164 608 2241 iq
638 2164 810 2240 philosophi
830 2167 857 2224 5.
879 2165 907 2224 4.
930 2167 1057 2224 servitus
1079 2168 1097 2224 i.
1120 2187 1147 2243 q.
1170 2169 1248 2226 servi

77 2262 126 2318 28.
145 2263 189 2319 11,
204 2263 356 2322 Praeterea
369 2266 501 2324 afferam:
523 2264 626 2322 odores
640 2264 658 2320 i.
674 2283 701 2339 q.
723 2267 877 2340 unguenta
899 2265 985 2326 126.
1007 2265 1165 2340 religiones
1185 2266 1205 2323 i.
1220 2287 1248 2342 q.

76 2360 126 2418 dei
153 2361 250 2434 (victis
275 2362 469 2437 religionibus
490 2362 610 2436 servire)
638 2363 684 2420 25.
708 2365 735 2423 5.
756 2363 913 2422 memoriae
934 2364 953 2420 i.
974 2383 1001 2440 q.
1023 2365 1145 2424 annales
1166 2366 1247 2441 3133
1362 2377 1364 2381 ’

77 2463 105 2518 1.
128 2462 156 2520 2.
199 2462 284 2534 (Nam
310 2460 423 2522 Fabero
449 2463 505 2520 hoc
529 2461 594 2520 loco
619 2461 777 2534 adsentior,
806 2462 857 2538 qui
878 2462 910 2519 in
931 2465 1191 2523 »commentatione
1213 2465 1249 2524 de

75 2559 208 2618 Minucio
222 2561 331 2620 Felice«
345 2581 441 2638 progr.
463 2579 564 2636 gymn.
580 2557 727 2619 Nordbus.
747 2561 824 2620 1872
846 2579 911 2636 pag.
932 2562 970 2620 38
986 2580 1031 2638 sq.
1052 2563 1128 2621 hanc
1147 2563 1248 2622 lectio-

77 2678 148 2717 nem
174 2661 293 2719 omissis
317 2662 416 2720 verbis
441 2662 492 2720 »de
517 2661 615 2718 libris«
642 2660 796 2734 proposuit
816 2663 933 2735 »specta
953 2661 1131 2720 memorias«
1173 2662 1248 2720 Cum

77 2759 158 2816 enim
185 2760 277 2818 codex
298 2761 451 2819 Parisinus
477 2761 518 2819 de
543 2759 650 2818 libris
671 2765 701 2817 01
721 2759 890 2818 memoria
910 2759 1055 2834 exhibeat,
1078 2761 1150 2819 satis
1171 2761 1248 2819 diffi-

77 2858 134 2916 cile
169 2863 215 2917 est
250 2859 410 2918 diiudicare
444 2879 518 2936 quae
551 2860 638 2917 lectio
673 2878 711 2918 ex
736 2859 801 2917 loco
827 2859 921 2916 foedis
939 2852 1062 2918 'mendis
1088 2860 1247 2935 depravato

79 2957 205 3015 eruenda
231 2958 283 3026 sit,
309 2976 375 3015 cum
397 2957 446 3015 alii
467 2958 524 3015 alia
544 2957 731 3016 tentaverint.
773 2957 864 3015 Recte
885 2957 1026 3015 iudicavit
1047 2957 1248 3034 Wopkensius

78 3057 166 3113 verba
186 3056 228 3113 de
253 3055 359 3114 libris
384 3057 509 3116 delenda
529 3076 594 3115 esse
615 3062 649 3114 111
669 3056 899 3132 dittograplriam
920 3075 958 3114 ex
979 3057 1113 3132 proxime
1132 3062 1247 3116 antoce-

78 3155 161 3213 denti
182 3156 342 3215 delubris
363 3161 464 3215 ortam.
503 3157 607 3234 Neque
615 3162 715 3215 tamen
735 3157 768 3214 in
788 3157 837 3214 his
862 3157 978 3214 videtur
1002 3155 1249 3232 acquiescendum

77 3272 152 3328 esse,
174 3273 242 3312 cum
268 3259 390 3331 specta
418 3257 621 3315 memoriam
645 3257 722 3314 male
747 3256 859 3313 dictum
886 3255 925 3313 sit
950 3273 1003 3330 pro
1033 3255 1247 3314 memineris

77 3352 184 3412 Omnia
197 3363 296 3413 autem
309 3361 389 3414 recte
403 3357 573 3432 procedunt,
595 3357 621 3414 si
636 3354 788 3416 lenissima
802 3355 964 3413 mutatione
977 3355 1059 3413 uocis
1080 3352 1249 3411 memoria

76 3453 108 3509 in
130 3454 317 3513 memorias
338 3455 471 3529 legamus
492 3461 617 3532 specta
637 3453 847 3528 memorias.)

159 3550 300 3610 Concreta
324 3554 536 3612 abstractorum
561 3554 625 3612 vice
650 3553 805 3627 iungentia
830 3554 988 3609 000111111111
1015 3552 1061 3609 21.
1087 3552 1122 3609 10
1145 3553 1248 3626 optant

76 3650 109 3707 in
129 3650 249 3708 homine
274 3669 462 3726 perseverare
483 3672 536 3728 pro
556 3653 588 3709 in
608 3652 791 3709 humanitate
812 3651 859 3709 22.
883 3649 908 3707 7.
929 3653 963 3707 ut
984 3650 1014 3707 in
1036 3649 1124 3707 deum
1146 3653 1248 3723 surgat

77 3766 131 3823 pro
152 3749 184 3805 in
205 3749 389 3809 divinitatem
410 3754 456 3809 22.
480 3754 505 3810 7.
527 3755 561 3808 ut
580 3751 731 3808 hominem
751 3750 843 3809 exuat
863 3766 916 3823 pro
937 3748 1160 3808 humanitatem.

157 3852 285 3910 Pluralis
310 3850 428 3909 numeri
450 3849 701 3909 substantivorum
721 3850 934 3908 abstractorum
955 3866 1029 3906 usus
1049 3849 1128 3924 apud
1149 3848 1247 3906 Minu-

78 3950 158 4008 cium
178 3949 437 4026 frequentissimus
459 3954 489 4008 01
509 3949 678 4008 liberrimus
699 3952 757 4022 est,
779 3951 812 4004 ut
833 3946 912 4022 apud
932 3947 1006 4005 alios
1020 3947 1174 4004 Africanos
1196 3947 1248 4022 qui

78 4049 217 4107 dicantur
242 4048 413 4123 scriptores,
439 4052 473 4105 ut
498 4048 576 4123 apud
602 4047 831 4118 Tertulliamnn‚
853 4042 1051 4121 Cyprianum,
1074 4045 1247 4105 Arnobium.

79 4147 126 4222 (cf.
147 4147 250 4222 Draeg.
272 4166 393 4223 gramm.
415 4147 485 4206 hist.
511 4166 539 4223 p.
569 4147 613 4206 10.
637 4147 693 4224 sq.)
718 4147 758 4205 Ut
783 4144 992 4204 distributione
1011 4165 1029 4203 a
1048 4145 1194 4220 Draegero
1215 4145 1247 4202 in

80 4250 158 4322 synt.
173 4245 263 4306 Tacit.
277 4265 344 4324 pag.
360 4248 385 4304 1.
401 4247 478 4308 facta
497 4250 571 4321 utar,
591 4249 798 4327 tempestatem
813 4246 994 4322 significant:
1015 4246 1174 4322 grandines
1188 4247 1246 4312 119.
