3004 4948
822 290 858 344 48

335 469 493 530 Chiasmus
512 475 541 529 et
555 471 778 530 Parallelismus
799 471 877 529 inter
898 487 929 529 se
950 472 1157 546 permutantur
1176 469 1251 528 locis
1272 469 1334 529 his:
1360 469 1434 530 6.1.

253 567 425 627 Eleusinios
440 568 584 643 Cererem,
605 569 740 644 Phrygas
754 569 888 641 Martem,
909 567 1086 643 Epidaurios
1099 566 1318 644 Aesculapium,
1341 567 1433 626 Chal·
1487 633 1488 636 Ἴ

254 666 342 726 dacos
372 665 486 742 Belum,
512 668 654 726 Astarten
678 667 777 742 Syros,
809 666 934 724 Dianam
958 664 1089 739 Taurios,
1115 664 1215 724 Gallos
1240 665 1434 724 Mercurium.

255 767 281 823 7.
303 767 329 824 6.
351 765 494 824 cautelam
519 765 668 840 periculis,
694 765 804 824 morbis
825 763 978 838 medelam,
1001 781 1085 839 spem
1105 763 1241 837 adflictis,
1263 781 1350 839 opem
1374 765 1432 822 mi·
1488 840 1489 844 Ἰ

255 863 338 937 seris,
355 863 496 922 solacium
509 862 734 936 calamitatibus,
750 862 898 922 laboribus
912 861 1120 921 levamentum.
1156 863 1202 920 19.
1219 861 1433 921 1611111011οι1

253 965 329 1031 adra,
350 961 453 1021 Jovem
473 961 595 1035 caelum,
617 962 791 1038 Neptunum
811 979 898 1034 mere,
920 961 1020 1036 ignem
1040 978 1107 1019 esse
1127 959 1304 1021 Vulcanum.
1338 963 1433 1020 221.
1488 943 1489 968 ³

255 1060 365 1135 gaudet
394 1060 466 1135 Isis,
497 1061 632 1119 exultant
661 1061 835 1134 sacerdotes,
862 1057 1090 1135 Cynocephalus
1115 1060 1253 1118 inventor
1278 1059 1433 1135 gloriatur

254 1157 301 1216 25.
318 1159 365 1220 11.
380 1159 585 1218 conducuntur
600 1163 710 1234 stupra,
731 1163 894 1217 tractantur
908 1156 1061 1231 lenocinia,
1075 1157 1218 1216 adulteria
1237 1158 1432 1218 meditantur.

254 1255 301 1316 37.
329 1260 355 1316 7.
388 1257 502 1316 divitiis
531 1258 668 1332 affluant,
699 1257 860 1316 honoribus
897 1257 1033 1331 floreant,
1063 1255 1194 1332 polleant
1223 1257 1433 1332 potestatibus
1489 1248 1490 1298 1

254 1358 301 1416 38.
317 1357 343 1415 6.
358 1359 528 1417 cohibeatur
542 1358 724 1435 superstitio,
738 1357 876 1434 impietas
890 1359 1036 1434 expietur,
1057 1375 1125 1416 vera
1139 1357 1243 1432 religio
1261 1361 1435 1416 reservetur
1489 1307 1490 1368 ¹

255 1457 303 1533 (ci.
324 1455 429 1530 Draeg.
452 1453 529 1512 11.
553 1458 568 1526 §
591 1456 649 1512 235
671 1454 712 1529 d.)

335 1571 572 1631 Parallelismum
586 1571 726 1646 legimus:
749 1572 839 1632 5.13.
861 1572 949 1630 imbri
970 1572 1177 1647 corrumpitur,
1198 1571 1343 1646 grandine
1364 1589 1431 1629 cae-

255 1672 342 1729 ditur.
384 1673 411 1729 8.
434 1670 461 1728 4.
488 1670 520 1728 in
547 1669 699 1746 publicum
725 1675 815 1744 muta,
841 1671 873 1728 in
898 1671 1016 1746 angulis
1041 1670 1166 1746 garrula.
1218 1674 1261 1732 14.
1288 1669 1434 1729 411111

254 1769 423 1832 incredibili
445 1787 548 1828 verum
574 1769 656 1826 etin
681 1769 836 1827 verisimili
862 1770 1056 1828 mendacium.
1107 1771 1154 1828 21.
1180 1773 1207 1828 5.
1232 1770 1350 1828 litteras
1377 1769 1433 1826 im·
1490 1769 1491 1774 ’

256 1869 392 1944 primore,
418 1885 556 1926 nummos
583 1868 708 1943 signare,
734 1867 933 1927 instrumenta
957 1869 1108 1928 conficere.
1151 1869 1199 1929 33.
1220 1870 1247 1927 3.
1270 1869 1306 1927 de
1327 1868 1433 1944 paucis
1490 1859 1491 1862 '

255 1968 403 2026 innumeri
425 1967 503 2040 facti,
525 1967 561 2026 de
582 1967 736 2042 egentibus
757 1967 873 2042 divitae,
895 1968 931 2026 de
953 1969 1149 2028 servientibus
1170 1985 1263 2043 reges.

336 2083 532 2160 Epanalepsis
559 2083 686 2142 occurrit
712 2084 741 2144 8.
767 2087 793 2143 3.
820 2085 892 2162 quid
917 2086 1054 2144 homines
1080 2119 1116 2127 -
1145 2083 1330 2143 sustinebitis
1352 2083 1435 2142 enim

256 2200 304 2241 me
333 2182 480 2258 impetum
511 2187 665 2258 susceptae
695 2182 820 2242 actionis
849 2183 972 2242 liberius
1002 2187 1188 2242 exserentem
1216 2216 1256 2226 -
1285 2183 1433 2256 homines
1491 2189 1492 2200 ¹

256 2281 388 2357 inquam,
410 2281 585 2358 deploratae,
606 2281 738 2339 inlicitae
758 2300 792 2339 ac
812 2281 985 2357 desperatae
1005 2283 1143 2340 factionis
1163 2281 1293 2357 grassari
1312 2281 1346 2338 in
1360 2281 1431 2340 deos

255 2397 316 2438 non
337 2379 593 2454 ingemiscendum
614 2382 678 2438 est?

333 2477 504 2536 Iterationis
525 2475 662 2553 exempla
687 2476 793 2552 collegi
818 2477 903 2537 haec:
942 2479 989 2552 (cf.
1016 2478 1151 2552 Rebling.
1177 2479 1197 2536 l.
1224 2496 1248 2538 c.
1275 2497 1342 2554 pag.
1373 2481 1432 2552 16.)

256 2579 284 2638 3.
306 2581 335 2637 4.
362 2594 443 2634 cram
468 2576 551 2634 curvi
577 2576 706 2634 molliter
729 2576 826 2634 litoris
847 2577 904 2635 iter
923 2577 1031 2635 fabulis
1052 2577 1224 2636 fallentibus
1245 2577 1430 2652 legebamus,
1492 2585 1493 2632 1

254 2681 310 2740 hae
336 2679 451 2738 fabulae
477 2683 560 2737 erant
584 2683 637 2736 etc.
664 2680 691 2736 3.
714 2681 742 2738 6.
767 2679 794 2736 is
820 2678 906 2736 lusus
931 2683 976 2736 est
1001 2681 1108 2737 testam
1128 2682 1253 2740 teretem
1273 2676 1432 2735 iactatione
1492 2663 1493 2730 ἕ

255 2779 401 2836 fluctuum
421 2777 579 2852 levigatam
599 2777 696 2852 legere
717 2777 754 2836 de
773 2777 868 2843 litore,
894 2795 958 2836 eam
978 2781 1087 2836 testam
1108 2821 1116 2837 .
1138 2822 1144 2834 .
1167 2821 1173 2834 .
1196 2819 1204 2837 .
1226 2793 1316 2852 super
1335 2774 1431 2832 undas
1492 2769 1493 2776 ’

255 2879 392 2936 innotare.
441 2879 486 2935 13.
509 2879 537 2936 4.
565 2877 649 2953 quid,
675 2876 836 2936 Simonidis
862 2877 960 2935 melici
982 2895 1080 2936 nonne
1101 2876 1271 2935 admiranda
1291 2875 1427 2933 omnibus
1472 2863 1474 2870 ’

256 2981 286 3034 01
316 2976 455 3036 sectanda
479 2976 646 3034 cunctatio?
672 2975 724 3052 qui
749 2975 917 3035 Simonides
942 2981 995 3035 etc.
1038 2977 1086 3051 (cf.
1114 2973 1189 3051 Nep.
1215 2975 1300 3033 Eum.
1349 2977 1376 3037 3.
1403 2975 1430 3032 3.

256 3074 405 3134 Eumenes
422 3093 490 3133 cum
519 3093 617 3150 neque
646 3093 768 3149 magnas
798 3075 898 3151 copias
928 3093 1024 3151 neque
1049 3075 1149 3133 firmas
1174 3075 1295 3132 haberet
1321 3119 1327 3130 .
1355 3118 1361 3130 .
1389 3119 1395 3130 .
1424 3090 1431 3146 ;

256 3173 417 3233 Eumenes.
436 3174 527 3249 igitur
557 3173 766 3248 intellegebat.)
802 3175 847 3233 19.
874 3174 901 3231 4.
924 3174 968 3231 111
994 3173 1101 3232 Thales
1131 3171 1268 3233 Milesius
1299 3172 1433 3230 omnium

258 3271 380 3348 primus,
403 3272 454 3348 qui
475 3271 590 3347 primus
612 3271 745 3330 omnium
766 3272 803 3331 dc
823 3272 998 3330 caelestibus
1020 3272 1196 3348 disputavit3
1219 3269 1246 3330 is
1267 3269 1432 3328 autcmlli-

258 3370 351 3429 lesius
362 3370 469 3428 Thales
480 3388 505 3430 e.
517 3389 545 3446 q.
557 3388 579 3428 1.
602 3371 649 3430 26.
666 3369 691 3428 7.
708 3370 831 3446 spiritus
842 3375 913 3430 sunt
922 3371 1073 3444 insinceri,
1089 3371 1165 3447 vagi,
1175 3389 1192 3429 a
1202 3369 1323 3429 caelesti
1332 3369 1433 3444 vigore

259 3470 387 3531 terrenis
396 3470 511 3529 labibus
532 3474 562 3528 et
583 3469 797 3545 cupiditatibus
819 3471 981 3547 degravau3
1004 3471 1055 3530 isti
1076 3471 1168 3545 igitur
1189 3469 1313 3546 spiritus
1333 3486 1356 3526 0.
1367 3487 1394 3543 q.
1408 3485 1431 3527 s.

338 3588 414 3646 Poro
428 3587 586 3646 dicendum
599 3593 645 3646 cst
659 3589 695 3647 de
710 3588 892 3664 Hypallages
911 3589 1012 3664 figura,
1034 3588 1119 3647 cuius
1141 3588 1277 3664 exempla
1297 3585 1433 3660 congessi

260 3688 344 3746 haec:
380 3691 407 3748 2.
422 3687 451 3746 4.
472 3687 556 3745 molli
577 3687 703 3762 vestigio
725 3689 832 3746 cedens
853 3689 961 3746 harena
981 3707 1035 3763 pro
1057 3687 1181 3762 vestigio
1203 3685 1303 3744 mollis
1323 3685 1433 3743 cedens

260 3787 377 3845 harena.
413 3788 461 3846 29.
478 3789 504 3844 8,
522 3785 607 3861 signo
621 3786 717 3845 crucis
731 3787 805 3844 ratio
826 3787 970 3846 naturalis
984 3785 1122 3844 innititur
1136 3803 1189 3861 pro
1204 3785 1323 3859 signum
1337 3782 1432 3841 crucis

260 3885 375 3944 ratione
395 3885 522 3943 naturali
543 3885 683 3943 innititur
705 3888 751 3948 36.
774 3889 805 3945 7-
830 3885 962 3962 corporis
982 3886 1112 3942 humana
1132 3883 1203 3941 vitia
1224 3901 1277 3958 pro
1303 3881 1431 3956 corporis

261 3983 385 4042 humani
394 3983 466 4042 vitia
479 3984 529 4042 41
541 3984 596 4042 hnc
606 3984 768 4062 spectaculi
777 3984 929 4060 voluptate
939 4002 991 4059 pro
1001 3984 1091 4041 huius
1102 3981 1263 4058 spectaculi
1274 3981 1430 4056 voluptate.

342 4083 456 4146 Litotes
476 4083 586 4157 legitur
608 4087 636 4145 9.
657 4085 684 4142 2.
705 4101 766 4142 non
788 4083 921 4142 insolens
943 4087 1088 4158 stuprum.
1130 4080 1337 4139 Anacolnthon
1362 4079 1431 4154 legi·

262 4199 331 4240 mus
377 4183 405 4242 9.
427 4184 453 4241 6.
480 4187 510 4240 01
535 4182 572 4241 de
597 4183 733 4242 convivio
757 4186 863 4242 notum
888 4185 935 4241 est
960 4182 1084 4258 (passim
1111 4197 1213 4238 omnes
1234 4179 1381 4250 locuntur,
1403 4178 1432 4236 id
1491 4195 1492 4198 ¹

263 4282 353 4345 etiam
369 4280 515 4343 Cirtensis
529 4281 624 4342 nostri
643 4285 769 4342 testatur
793 4281 896 4358 oratio)
917 4281 956 4340 ad
976 4279 1080 4360 epulas
1103 4275 1240 4339 sollemni
1261 4277 1309 4338 dic
1330 4281 1432 4338 coeunt
