3004 4948
816 243 850 298 18

249 422 350 486 cinare
379 426 502 502 23.11;
531 421 587 483 179
608 423 756 482 vivificare
786 425 832 486 32.
858 427 890 501 63
924 422 981 483 185
1002 427 1194 484 concatenare
1225 425 1270 486 17.
1293 429 1326 502 2;
1360 427 1426 486 189

249 523 428 599 desponsare
457 524 504 582 25.
535 524 567 599 3;
598 521 656 580 202
686 521 907 598 adstrangulare
936 523 983 580 30.
1014 523 1046 598 2;
1078 521 1136 582 205
1165 523 1295 584 11111111
1329 529 1358 585 3.
1396 529 1425 600 63

250 621 308 680 205
321 621 494 680 interamne
510 621 554 682 10.
570 623 601 698 55
618 621 676 683 213
690 620 826 680 devotare
847 621 895 682 28.
912 621 931 678 8
954 621 1130 698 (secundum
1150 622 1309 682 editionem
1320 623 1427 683 111111-

249 721 351 798 liertii3
376 739 446 779 nam
466 721 603 780 Halmius
629 720 809 780 decoratis
835 738 873 779 ex
893 719 1021 795 Rigaltio
1047 720 1079 778 in
1101 724 1274 780 contextum
1293 723 1428 799 recepit)

250 819 308 878 299
328 837 513 878 remunerare
534 817 561 877 7.
576 820 608 895 2;
628 819 684 878 301
706 819 848 878 meditare
869 821 980 880 25.11.
1001 819 1155 878 Eduardus
1177 819 1368 880 Woelfflinus
1393 823 1429 879 in

250 917 352 994 philol.
368 922 431 980 tom
443 916 575 976 XXXIV
589 936 656 994 pag.
674 917 731 980 160
744 919 867 1004 verbnm
887 919 1063 995 deperire,
1085 919 1163 996 quod
1184 919 1311 996 legimus
1327 921 1354 981 5.
1375 921 1427 994 10,

251 1016 395 1075 sermonis
420 1015 552 1089 vulgaris
577 1034 644 1075 esse
669 1016 828 1076 contendit.
871 1015 983 1089 Quibus
1003 1017 1100 1075 vorbis
1122 1017 1194 1076 haec
1214 1018 1351 1079 adiciamz
1376 1037 1427 1076 11-

250 1133 340 1191 guere
374 1116 420 1173 36.
447 1115 474 1172 9.
508 1141 552 1159 =
585 1116 766 1191 examinare,
800 1117 937 1193 componi
972 1116 1018 1176 37.
1049 1119 1073 1178 1.
1109 1141 1152 1159 =
1186 1135 1219 1176 se
1253 1116 1426 1190 defendere,

250 1213 326 1272 mori
359 1215 386 1273 8.
417 1215 501 1272 3=
527 1214 730 1288 condemnari,
766 1214 897 1274 obtinere
930 1216 978 1282 40,
1009 1218 1027 1275 3
1052 1239 1097 1258 =
1119 1215 1250 1290 vincere,
1281 1215 1427 1274 adludere

250 1311 407 1370 transitive
431 1313 458 1370 3.
485 1311 513 1372 3.
539 1346 579 1356 -
604 1313 682 1388 quod
709 1313 838 1390 (aequor)
863 1313 995 1372 vicissim
1021 1332 1101 1373 nunc
1125 1314 1283 1389 adpulsum
1307 1315 1427 1372 nostris

250 1409 376 1486 pedibus
408 1409 558 1470 adluderet
590 1411 698 1471 fluctus
738 1445 775 1456 -
812 1412 954 1472 adsistere
992 1415 1039 1473 26.
1067 1414 1114 1474 11.
1148 1413 1315 1485 1111111111,
1351 1432 1426 1472 111-

252 1506 403 1566 subsidam
424 1508 470 1568 40.
492 1509 521 1570 2.
545 1509 632 1585 iibrig
655 1509 773 1569 bleiben
800 1509 854 1584 (De
880 1511 936 1570 hac
959 1529 1024 1569 1111
1044 1511 1258 1588 compositione
1278 1511 1427 1570 disseruit

251 1603 304 1663 Ed.
319 1604 546 1673 Woelfflinusin
560 1607 805 1667 commentatione
825 1626 900 1685 quae
919 1609 1090 1668 inscribitur
1109 1609 1160 1667 »de
1179 1609 1328 1668 latinitate
1341 1609 1425 1668 Afri-

252 1701 318 1760 cani
348 1701 442 1762 Cassii
476 1702 500 1765 F
502 1705 598 1764 elicis»
632 1724 698 1782 pag.
729 1705 808 1781 414.)
849 1706 973 1782 defungi
1008 1709 1054 1766 25.
1087 1707 1132 1764 11.
1165 1707 1229 1765 sich
1263 1708 1425 1780 ablrr'ihlen,

251 1799 395 1859 inundare
416 1802 464 1862 34.
485 1803 505 1859 4
525 1804 713 1864 intransitive
732 1809 821 1863 unter
841 1804 961 1863 Wasser
982 1806 1094 1880 stehen,
1116 1805 1286 1880 demergere
1311 1805 1360 1866 34.
1386 1806 1423 1863 11

252 1898 439 1960 intransitive
469 1902 665 1977 untergehen‚
698 1902 827 1978 reparari
861 1902 909 1964 34.
937 1903 974 1960 12
1004 1904 1081 1961 nach
1110 1903 1178 1961 dem
1212 1902 1292 1961 Tode
1325 1904 1425 1962 aufer-

254 1997 358 2056 stehen
372 2017 508 2059 recusare
529 2002 576 2062 17.
593 2003 620 2064 1.
642 2000 773 2076 liugnen
788 2033 825 2045 -
839 1999 902 2060 Nec
921 2018 1025 2060 recuso
1047 2046 1053 2059 .
1075 2051 1083 2066 ,
1104 2045 1110 2059 .
1133 2046 1139 2059 .
1161 2001 1313 2060 hominem
1332 2020 1425 2061 nosse

254 2115 286 2157 se
299 2102 329 2157 et
349 2098 574 2175 circumspicere
594 2099 707 2172 debere,
729 2099 801 2176 quid
822 2099 870 2174 sit,
891 2100 970 2158 unde
991 2099 1039 2174 sit,
1061 2117 1151 2176 quare
1172 2099 1220 2160 sit.
1235 2133 1274 2144 -
1289 2117 1424 2158 serenare

254 2197 302 2257 32.
323 2196 352 2259 4.
372 2197 467 2256 heiter
487 2197 560 2272 sein,
581 2197 654 2257 alias
675 2197 770 2255 heiter
788 2198 920 2256 machen.

809 2759 865 2816 11.

601 2938 657 3002 De
681 2937 883 3004 enuntiato
907 2935 1079 3019 simplici.

348 3137 394 3199 De
419 3137 615 3219 praedicato.
662 3139 758 3200 Sonsu
791 3139 944 3199 collective
969 3139 1115 3215 pluralem
1140 3139 1299 3214 praedicati
1323 3157 1422 3198 nume-

256 3260 323 3304 rum
347 3243 469 3302 habent:
499 3247 622 3320 uterque
647 3245 674 3301 8.
701 3242 719 3298 2
749 3241 802 3318 qui
827 3241 891 3317 (pro
918 3239 1054 3317 quorum)
1079 3243 1205 3315 uterque
1230 3239 1329 3297 nullos
1354 3239 1423 3298 deos

257 3340 455 3399 adseverando
479 3340 615 3399 timorem
640 3357 758 3398 omnem
782 3355 841 3416 quo
866 3337 1034 3396 humanitas
1054 3337 1174 3412 regitur,
1195 3336 1423 3396 venerationem-

259 3456 317 3515 que
330 3439 450 3514 penitus
464 3439 655 3498 sustulerunt.
678 3456 718 3498 sc.
732 3437 902 3496 Theodorus
922 3436 1091 3511 Cyrenaeus
1111 3439 1141 3494 et
1154 3435 1295 3511 Diagoras
1310 3436 1422 3494 Melius.

259 3537 307 3598 21.
321 3539 348 3596 6.
362 3536 399 3595 ad
419 3537 589 3596 memoriam
610 3540 733 3612 uterque
753 3535 936 3612 reliquerunt
958 3553 997 3595 sc.
1020 3534 1166 3594 Saturnus
1187 3533 1338 3592 1111111.
1359 3533 1422 3590 vul-

259 3653 316 3711 gus
346 3635 392 3697 18.
419 3635 467 3696 11.
497 3635 584 3692 audio
613 3634 738 3710 vulgus:
767 3651 835 3692 cum
864 3634 901 3691 ad
927 3632 1041 3692 caelum
1070 3649 1176 3689 manus
1201 3631 1327 3690 tendunt
1352 3630 1424 3688 nihil

259 3733 340 3792 aliud
353 3752 442 3810 quam
455 3733 550 3791 Deum
570 3733 681 3792 dicunt.
703 3732 856 3808 gentilitas
878 3733 924 3790 10.
939 3733 966 3790 5.
987 3731 1165 3790 Iudaeorum
1186 3731 1250 3789 sola
1270 3734 1300 3789 et
1320 3730 1424 3789 misera

260 3831 411 3906 gentilitas
431 3835 569 3890 unumst
588 3831 649 3908 ipsi
669 3832 766 3904 deum,
788 3831 840 3889 sed
860 3830 965 3906 palam,
987 3830 1039 3888 sed
1059 3829 1189 3906 templis,
1210 3829 1278 3902 aris,
1299 3828 1423 3888 victimis

260 3929 504 4008 caerimoniisque
524 3929 687 3989 coluerunt.
709 3930 758 4004 (oi.
780 3928 884 4004 Draeg.
910 3946 932 3986 s.
953 3927 987 3988 Τ.
1008 3946 1073 4004 pag.
1097 3927 1156 4004 14.)

339 4027 422 4088 Nihil
444 4029 523 4106 apud
541 4029 706 4088 Minucium
728 4027 914 4106 frequentius
934 4030 980 4086 est
1005 4045 1094 4104 quam
1115 4025 1236 4084 omissio
1256 4024 1339 4083 verbi
1360 4025 1423 4084 sub-

263 4127 391 4186 stantivi.
437 4126 592 4186 Omittitur
615 4135 714 4187 autem
738 4127 766 4203 a)
790 4125 987 4200 IndiuativuS,
1013 4125 1098 4184 ouius
1123 4124 1167 4184 rei
1191 4123 1342 4199 exempla,
1362 4141 1424 4182 cum

261 4225 294 4284 in
319 4225 423 4302 quavis
448 4226 509 4286 fere
533 4227 643 4305 pagina
667 4225 775 4300 dialogi
795 4224 941 4300 legantur,
967 4241 1114 4302 perpauca
1139 4241 1174 4282 ac
1193 4221 1424 4282 luculentissima
