3004 4948
648 284 682 338 15

164 465 315 525 Interim
339 465 417 541 apud
437 467 584 523 nostrates
604 462 760 521 bisweilen
782 462 829 522 19.
852 461 898 521 10.
921 461 968 521 19.
991 462 1035 520 11.
1058 463 1106 522 27.
1129 463 1154 520 1.
1195 460 1247 518 Vi-

77 565 172 623 detur
205 564 254 622 hic
287 581 361 622 usus
390 562 519 620 adverbii
544 562 662 620 interim
693 559 867 632 Quintiliani
896 564 1028 635 tempore
1057 565 1143 618 natus
1173 577 1246 619 esse.

76 662 162 721 Nam
182 680 257 738 quae
274 661 446 720 adferuntur
459 660 557 718 Plauti
578 665 607 718 et
623 659 773 718 Ciceronis
794 657 938 733 exempla,
959 676 993 716 ea
1013 659 1070 717 alio
1091 659 1177 717 modo
1197 677 1247 716 ex-

78 762 189 837 plicari
209 762 325 821 debent.
366 759 424 819 Sed
446 757 658 832 Quintilianus,
672 757 798 829 Plinius,
820 756 947 816 Senecae
966 757 1153 833 frequentant
1173 757 1248 816 hane

77 859 253 919 dictionem.
296 859 344 933 (cl.
366 858 501 933 Rebling.
522 857 541 915 l.
563 875 588 917 c.
609 875 675 932 pag.
698 855 758 932 24.)

165 979 313 1038 Interim
342 977 528 1038 einstweilen
559 979 584 1036 7.
617 977 641 1034 1.
672 976 767 1034 ausim
797 975 876 1033 enim
901 973 1019 1032 interim
1045 977 1074 1032 et
1094 973 1159 1048 ipse
1179 987 1247 1032 con-

78 1077 186 1136 cedere
207 1082 236 1136 et
257 1077 300 1136 sic
320 1077 426 1136 melius
447 1093 550 1135 errare.

164 1194 258 1253 Adeo
283 1198 380 1253 exstat
404 1193 482 1269 apud
506 1193 668 1251 Minucium
689 1193 815 1250 Felicem
841 1208 930 1250 sensu
956 1189 1096 1265 peculiari
1119 1191 1145 1252 6.
1168 1189 1194 1248 1.
1220 1193 1250 1246 et

81 1295 111 1352 7.
134 1293 163 1353 6.
189 1293 268 1366 (inde
290 1293 370 1366 adeo,
396 1293 432 1351 cf.
456 1293 500 1350 11.
522 1293 550 1349 4.
571 1291 640 1349 inde
664 1289 878 1362 videlicet)16.
901 1291 928 1346 5.
954 1289 1000 1346 34.
1024 1287 1069 1344 11.
1090 1286 1157 1344 vide
1178 1286 1248 1344 adeo

81 1390 167 1448 siehe
180 1390 255 1448 doch
276 1393 364 1451 368.
386 1393 434 1451 37.
452 1391 479 1451 7.
501 1391 533 1448 11
553 1391 609 1448 101
628 1389 699 1448 adeo
720 1388 825 1464 gerade
845 1386 966 1445 deshnlb
986 1387 1035 1459 (cf.
1057 1385 1149 1444 Carcl.
1171 1384 1247 1444 Sittl.

81 1489 103 1546 l.
126 1507 150 1547 c.
172 1507 238 1564 pag.
262 1489 329 1548 137.
350 1490 435 1548 »adeo
456 1490 584 1549 Ξ11111
605 1487 862 1548 zuerstbeiMin.
884 1485 908 1547 F
911 1483 945 1545 el.
968 1485 995 1544 6.
1004 1487 1037 1543 2.
1060 1487 1086 1544 7.
1109 1485 1135 1543 6.
1159 1481 1203 1541 16.
1219 1481 1248 1542 5.

82 1589 131 1646 34.
156 1590 202 1648 ll·
224 1591 270 1649 36.
292 1589 319 1646 8.
341 1587 388 1648 37.
411 1586 462 1662 Z«)

166 1705 329 1764 Ceterum
350 1724 403 1781 pro
425 1705 486 1764 sed
507 1705 637 1781 positum
657 1708 703 1762 est
723 1703 812 1762 341.
834 1705 880 1764 34.
898 1701 944 1761 10.
966 1702 1017 1778 qui
1038 1700 1156 1776 quidem
1176 1715 1249 1757 usus

83 1804 166 1880 apud
187 1803 357 1866 Ciceronem
378 1809 408 1862 et
429 1803 582 1863 Gaesarem
602 1821 661 1861 non
682 1803 802 1862 occurit.
823 1804 870 1876 (cf.
892 1801 996 1876 Draeg.
1019 1818 1041 1858 s.
1063 1799 1095 1858 T.
1118 1803 1134 1871 ἓ
1156 1801 1215 1873 21.)

127 1911 129 1916 ’
165 1923 477 1982 Plene=oumino
505 1924 549 1980 14.
577 1925 603 1983 2.
650 1919 721 1994 (Cic.
751 1922 788 1979 ad
814 1920 847 1993 Q.
871 1921 991 1978 fratrem
1017 1921 1043 1975 1.
1069 1919 1096 1978 1.
1124 1919 1168 1975 13.
1194 1916 1249 1973 hcc

85 2022 174 2097 plene
194 2023 285 2081 vitare
305 2040 365 2080 non
386 2022 480 2098 potes)
502 2019 725 2097 comparativus
749 2020 868 2096 plenius
889 2019 945 2077 hoc
964 2018 1028 2077 loco
1042 2016 1189 2075 abhibitus
1204 2017 1250 2072 est

85 2138 141 2196 pro
161 2121 298 2196 positivo.

167 2237 337 2313 Perquam
362 2236 399 2294 ad
417 2235 580 2312 augendam
600 2236 661 2294 vim
686 2235 767 2294 verbi
787 2234 897 2310 legitur
921 2235 948 2293 3.
974 2234 1001 2292 3.
1027 2231 1162 2291 delectati
1187 2247 1251 2307 per·

87 2352 176 2410 quam
197 2353 307 2393 sumus.

168 2450 368 2510 Identidem
388 2452 440 2510 auf
458 2451 572 2527 gleiche
593 2450 691 2510 Weise
715 2453 760 2512 14.
782 2451 808 2509 6.
832 2451 877 2508 16.
899 2448 919 2504 4

168 2565 387 2626 Solummodo
417 2586 470 2643 pro
499 2567 701 2625 tantummodo
730 2572 827 2625 exstat
857 2567 904 2628 18.
920 2565 946 2624 3.
973 2565 1061 2623 2112.
1088 2563 1135 2622 35.
1155 2565 1180 2622 6.
1203 2562 1250 2636 (cf.

88 2664 207 2725 811111.
229 2684 252 2724 c.
275 2684 341 2741 pag.
364 2667 411 2726 08.
437 2665 509 2723 »Elin
530 2683 599 2740 paar
619 2665 795 2740 gewichtige
816 2664 1047 2737 Verbindungen
1067 2661 1166 2719 lassen
1188 2660 1252 2718 sich

87 2766 186 2821 zuerst
205 2763 237 2820 in
257 2763 357 2821 Africa
381 2763 568 2822 nachweisen
594 2763 775 2822 solummode
795 2764 843 2820 fiir
868 2763 920 2820 das
941 2760 1105 2819 klassische
1125 2763 1253 2816 tantum-

86 2860 174 2918 modo
194 2860 264 2918 Min.
288 2859 351 2921 Fel.
372 2879 396 2919 e.
419 2879 446 2936 q·
468 2861 520 2937 s«)

166 2976 238 3036 Nec
267 2977 446 3036 immerito
482 2977 557 3036 sive
590 2977 716 3035 merito
746 3001 789 3020 z
819 2994 874 3034 nec
898 2976 1006 3033 mirum
1040 2976 1067 3035 1.
1093 2975 1128 3048 3.,
1164 2979 1190 3037 5.
1218 2979 1253 3047 1.,

88 3077 136 3136 30.
158 3075 194 3149 3.,
216 3077 263 3138 31.
285 3077 312 3134 4.

167 3171 244 3234 Non
265 3174 391 3233 saltem
412 3174 474 3233 sive
494 3191 558 3232 nec
579 3174 707 3232 saltem
725 3195 769 3214 =
792 3191 829 3230 ne
847 3207 885 3216 —
905 3172 1025 3249 quidem
1048 3170 1092 3236 10.
1109 3173 1135 3233 3.
1166 3172 1211 3229 12.
1228 3173 1254 3245 1Ι

88 3275 135 3354 (cf.
156 3273 221 3333 Liv.
243 3272 269 3331 5.
291 3275 339 3334 38.
361 3272 427 3331 Tac.
449 3291 516 3331 ann.
538 3275 565 3332 3.
587 3272 626 3348 5.)
1062 3263 1076 3294 “

169 3369 281 3444 Quibus
306 3371 429 3429 adiciam
459 3372 530 3430 haec
558 3371 666 3430 rariora
691 3371 843 3430 adverbia:
868 3371 1089 3428 dissimulanter
1113 3370 1255 3432 111-

88 3471 196 3530 tienter
226 3472 252 3530 9.
279 3471 305 3528 5.
336 3469 522 3545 paenitenter
550 3471 597 3529 26.
626 3469 651 3527 1.
682 3469 842 3544 plurimum
868 3473 1010 3544 quantum
1037 3469 1082 3528 23.
1105 3469 1132 3528 2.
1158 3469 1205 3526 40.
1232 3474 1255 3529 l.

89 3569 365 3645 impraesentiarum
387 3567 455 3626 5.1.
496 3568 540 3626 De
560 3569 617 3626 hoc
637 3567 782 3641 adverbio,
803 3567 881 3643 quod
902 3567 934 3625 in
956 3585 1089 3625 sermone
1109 3567 1254 3626 cotidiano

89 3671 260 3743 usurpatur,
287 3667 511 3743 disputaverunt
535 3667 567 3723 in
594 3665 887 3727 commentationibus
910 3666 972 3724 suis
993 3665 1167 3740 Reblingius
1187 3666 1206 3723 l.
1228 3684 1253 3725 c.

90 3784 156 3841 pag.
184 3766 239 3840 11.,
261 3766 445 3824 Rcenschius
471 3766 491 3823 1.
512 3784 537 3826 c.
559 3783 625 3840 pag.
652 3765 718 3838 230,
740 3765 927 3823 Woelfflinus
948 3765 979 3822 in
999 3764 1106 3822 Philol.
1129 3764 1185 3822 vol.
1208 3765 1256 3828 34.

91 3881 156 3938 pag.
183 3863 249 3923 147.
296 3864 354 3924 Sed
378 3863 457 3940 apud
484 3863 617 3922 Tacitum
643 3880 759 3938 quoque
783 3863 891 3938 legitur
914 3863 947 3921 in
972 3881 1039 3920 ann.
1066 3862 1130 3921 libr.
1157 3861 1253 3923 159.

92 3961 163 4037 quid
183 3962 457 4039 impraesentiarum
477 3961 660 4020 conduceret.
694 3947 700 3960 ’
1299 3967 1302 3972 “

181 4063 228 4128 De
252 4063 370 4128 verbis
417 4066 517 4132 Verba
541 4069 688 4144 simplicia
712 4087 765 4144 pro
790 4070 962 4144 compositis
992 4070 1071 4145 apud
1095 4070 1259 4129 Minucium

92 4169 217 4228 Felicem
246 4169 325 4227 haud
354 4186 419 4227 raro
447 4167 595 4243 leguntur.
645 4167 791 4244 lllxempla
815 4185 955 4226 enumero
980 4168 1064 4228 haec:
1091 4168 1160 4228 flere
1184 4170 1203 4227 1.
1230 4189 1258 4246 q,

93 4267 199 4328 deflere
220 4267 266 4332 23.
288 4268 315 4325 4.
337 4268 384 4328 37.
408 4269 453 4327 12.
474 4286 597 4329 noscere
617 4269 635 4327 i.
658 4288 685 4347 q.
705 4287 879 4345 cognoscere
899 4271 925 4328 9.
948 4270 975 4330 2.
999 4287 1080 4328 crare
1100 4269 1121 4330 i.
1143 4270 1259 4350 11111-
