3004 4948
813 233 848 288 24

246 410 383 472 venatrix
403 416 434 472 11
453 412 583 490 Ephesia
603 415 740 474 mammis
760 413 863 475 multis
884 417 915 475 et
933 414 1073 476 uberibus
1093 419 1244 476 exstructa
1263 419 1294 476 et
1315 415 1426 476 Trivia

246 510 357 572 trinis
377 512 524 589 capitibus
545 517 575 572 et
595 513 698 572 multis
718 511 855 574 manibus
875 515 1018 574 horrifica.

339 651 385 714 Dc
411 651 715 733 praepositionibus.
762 659 799 716 ln
824 657 885 716 »in«
905 657 1134 734 praepositionis
1154 676 1212 716 usu
1231 659 1305 716 haec
1324 658 1425 716 adno-

248 755 339 814 tanda
354 760 437 815 suut:
458 757 495 815 11
516 776 585 816 cum
598 757 724 816 ablativo
738 758 872 816 iunctum
893 757 999 840 »inter«
1019 757 1247 834 praepositionis
1263 758 1327 816 vioe
1349 759 1425 815 fun-

247 853 327 928 gitur
348 856 375 914 3.
398 855 425 912 6.
446 855 473 913 is
495 873 526 914 10
546 855 579 914 11
600 856 700 932 pueris
724 857 866 914 victorem
890 856 1001 914 ferebat
1025 855 1052 914 4.
1074 857 1102 914 4.
1128 855 1188 914 iam
1213 856 1346 932 profecto
1376 857 1425 914 11-

247 951 366 1028 telleget
395 953 513 1012 facilius
539 971 605 1012 esse
629 955 662 1012 in
687 953 945 1013 contubernalibus
971 953 1122 1030 disputare
1148 971 1237 1029 quam
1262 973 1426 1013 conserere

248 1049 431 1126 sapientiam.
462 1052 507 1110 17.
530 1055 557 1110 3.
580 1052 631 1128 qni
652 1071 720 1112 omn
740 1056 867 1110 errasset
887 1052 920 1110 in
939 1070 1049 1127 regem,
1070 1052 1196 1128 perisset
1216 1053 1248 1110 in
1269 1053 1425 1126 hostibus,

247 1149 307 1207 nisi
328 1149 480 1208 dexteram
500 1149 688 1227 perdidisset.
711 1152 757 1210 25.
780 1151 861 1211 9.11
881 1150 1019 1225 gentibus
1040 1152 1087 1209 38.
1110 1150 1135 1207 2.
1158 1151 1302 1227 quidquid
1331 1152 1424 1210 aliud

249 1247 282 1305 in
304 1242 426 1308 floribus
447 1248 548 1306 blandi
569 1250 677 1308 coloris
698 1253 728 1309 11
749 1249 846 1310 odoris
868 1251 922 1308 est.
945 1249 993 1321 (cf.
1014 1247 1117 1324 Draeg.
1134 1266 1156 1307 s.
1172 1249 1199 1306 h.
1214 1249 1230 1306 I
1248 1268 1315 1326 pag.
1337 1251 1425 1325 647.)

327 1366 364 1424 11
384 1365 507 1424 hiberno
528 1384 581 1424 zur
601 1365 775 1425 Winteraeit
796 1365 842 1425 34.
868 1368 912 1429 11.
934 1365 967 1422 11
987 1365 1043 1423 hoc
1064 1365 1112 1426 37.
1135 1368 1163 1426 7.
1183 1367 1285 1425 miseri
1306 1367 1338 1425 in
1361 1369 1424 1428 hoc

248 1464 338 1524 altius
362 1465 520 1540 tolluntur,
545 1471 579 1525 ut
605 1467 740 1556 decidant
761 1466 858 1524 altius.
880 1466 927 1525 37.
950 1468 975 1524 7.
997 1465 1029 1522 11
1049 1465 1106 1524 hoc
1126 1466 1197 1525 adeo
1219 1467 1340 1543 quidam
1363 1469 1423 1526 im-

248 1562 340 1640 periis
354 1581 389 1622 ac
402 1562 651 1624 dominationibus
665 1565 827 1640 eriguntur,
848 1567 882 1622 ut
895 1563 1048 1639 ingenium
1064 1581 1166 1622 eorum
1183 1565 1315 1640 perditae
1333 1586 1423 1626 men·

248 1666 294 1722 tes
313 1663 434 1722 licentia
454 1663 611 1740 potestatis
631 1663 723 1722 libere
743 1663 954 1720 nundinentur.
981 1663 1029 1722 34.
1051 1663 1077 1721 9.
1100 1661 1152 1720 sed
1172 1662 1209 1720 ad
1229 1665 1422 1740 propositum

207 1734 213 1762 Ι
249 1761 322 1820 satis
348 1765 406 1836 est,
432 1762 521 1821 etiam
545 1762 578 1820 in
598 1763 655 1820 hoc
676 1760 825 1838 sapientes
846 1765 962 1819 vestros
982 1760 1014 1817 in
1035 1759 1163 1836 aliquem
1184 1762 1303 1820 modum
1317 1764 1421 1822 nobis-

249 1878 317 1918 cum
342 1877 511 1919 consonare.
553 1861 669 1919 Addam
695 1860 741 1918 20.
764 1859 790 1917 3.
816 1859 976 1918 maioribus
1002 1859 1082 1918 enim
1106 1859 1217 1917 nostris
1238 1863 1299 1918 tam
1319 1861 1421 1920 facilis

248 1957 282 2016 in
295 1958 458 2018 mendaciis
478 1956 555 2020 fides
576 1959 635 2016 fuit
654 1976 762 2027 1111111
774 1957 941 2016 Vorfahren
963 1957 1126 2017 schenkten
1146 1955 1250 2032 Ldgen
1272 1977 1304 2018 10
1325 1959 1422 2018 1111111

250 2057 391 2117 Glauben.
434 2060 459 2118 1.
480 2061 508 2118 4.
534 2059 566 2117 in
587 2058 735 2118 amoribus
763 2059 900 2118 conscius
925 2058 973 2133 (cf.
996 2057 1054 2117 Cio.
1076 2058 1138 2118 Att.
1164 2059 1189 2117 l.
1213 2057 1258 2116 18.
1279 2057 1420 2115 conscius

249 2155 282 2214 in
302 2157 426 2233 privatis
447 2159 603 2234 omnibus.)

329 2277 370 2334 In
391 2293 459 2336 oum
479 2275 645 2335 accusativo
666 2276 802 2335 iunctum
823 2275 971 2350 significat
991 2273 1149 2333 consilium
1171 2274 1216 2332 11.
1237 2275 1265 2333 9.
1287 2272 1418 2348 apotitis

124 2389 131 2394 ·
249 2373 401 2434 fallacibus
415 2375 448 2432 in
462 2375 647 2458 dulcedinem
661 2375 810 2434 carminis
819 2375 885 2436 lusa
900 2373 944 2432 15.
960 2375 978 2432 2
993 2374 1025 2430 in
1039 2391 1194 2432 commune
1208 2373 1417 2449 compendium

250 2473 332 2533 27.2
353 2473 385 2530 in
405 2473 601 2550 perditionem
622 2472 669 2532 27.
692 2476 720 2534 6.
741 2474 774 2531 11
795 2472 1010 2549 turpitudinem
1032 2473 1078 2530 32.
1094 2471 1122 2531 2.
1142 2471 1175 2530 in
1195 2489 1284 2530 usum
1304 2471 1415 2532 3410.

248 2570 281 2628 11
296 2571 438 2630 solacium
451 2572 536 2630 Adde
548 2557 581 2630 in
596 2573 662 2631 odia
682 2576 785 2630 mutua
806 2572 927 2632 saevitis
948 2571 994 2630 bis
1015 2589 1052 2628 zu
1073 2570 1305 2646 gegenseitigem
1318 2571 1416 2631 Haase

250 2671 298 2730 31.
324 2672 350 2729 8.
377 2669 408 2729 in
434 2670 604 2747 exemplum
629 2671 673 2730 als
694 2670 807 2730 Muster
832 2671 878 2730 36.
906 2670 933 2728 8.
962 2670 994 2728 11
1018 2669 1107 2727 deum
1132 2672 1264 2729 vestrum
1289 2671 1416 2748 turpiter

249 2771 406 2830 reformata
426 2790 463 2829 zu
484 2771 619 2832 dunsten
640 2791 725 2832 111111
746 2773 849 2833 (101111
872 2772 918 2832 11.
940 2771 972 2829 9.

329 2909 371 2979 In
397 2927 465 2966 cum
489 2909 656 2968 accusativo
677 2909 812 2968 iunctum
831 2908 982 2968 Minucius
1002 2907 1087 2966 Felix
1107 2906 1260 2966 nonnullis
1280 2905 1354 2964 locis
1374 2906 1416 2964 ita

249 3010 388 3082 usurpat,
419 3011 453 3065 ut
481 3009 560 3067 idem
589 3008 686 3068 valeat
712 3009 790 3086 quod
815 3007 993 3067 adverbium.
1041 3005 1085 3068 cf.
1112 3007 1138 3064 8.
1164 3007 1191 3064 4.
1217 3006 1362 3064 latebrosa
1386 3009 1416 3064 et

50 3105 53 3120 '
173 3161 176 3166 .
249 3103 381 3181 lucifuga
401 3107 491 3181 natio,
511 3108 543 3165 in
564 3108 716 3185 publicum
736 3111 824 3166 muta.
846 3108 864 3166 i.
880 3127 909 3185 q.
930 3107 1059 3184 publice.
1081 3106 1126 3164 19.
1143 3106 1189 3165 14.
1211 3106 1243 3164 in
1264 3105 1416 3182 publicum

250 3203 348 3264 dicore
371 3205 417 3267 14.
439 3207 465 3264 3.
488 3225 628 3282 magnum
648 3207 681 3264 in
701 3206 822 3264 modum
842 3206 860 3263 1.
876 3225 903 3282 q.
925 3223 1102 3282 magnopere
1123 3205 1170 3264 34.
1186 3207 1214 3266 8.
1235 3204 1268 3262 in
1288 3205 1416 3282 aliquem

250 3305 371 3364 modum
396 3305 415 3364 i.
442 3325 469 3381 q.
495 3305 718 3382 quodammodo.
745 3304 791 3362 24.
818 3306 846 3364 3.
882 3305 929 3364 28.
956 3304 983 3364 3.
1009 3305 1042 3363 11
1068 3307 1164 3362 totum
1189 3303 1261 3380 i.·q.
1288 3303 1414 3362 omnino.

251 3405 298 3462 21.
320 3401 346 3460 7.
372 3403 405 3461 in
429 3403 606 3462 hodiernum
627 3420 668 3463 sc.
689 3403 767 3460 diem
787 3393 806 3461 1.
828 3421 857 3478 q.
877 3402 964 3461 hodie
985 3403 1033 3463 36.
1055 3405 1082 3461 5.
1103 3403 1136 3462 in
1156 3402 1235 3460 diem
1255 3402 1275 3462 i.
1297 3421 1324 3478 q.
1346 3401 1415 3460 coti-

251 3502 298 3562 die
321 3505 365 3564 17.
389 3507 416 3565 5.
437 3503 469 3562 in
490 3503 569 3561 diem
589 3503 608 3560 i.
630 3521 657 3579 q.
681 3501 811 3560 interdiu
832 3503 877 3561 17.
900 3505 928 3562 5.
949 3503 982 3559 11
1002 3505 1119 3587 noctem
1139 3501 1157 3560 i.
1180 3521 1207 3578 q.
1229 3506 1327 3561 noctu.

330 3620 465 3678 Adiciam
491 3622 539 3680 32.
560 3620 587 3678 8.
608 3620 641 3678 11
662 3619 756 3680 solem
777 3619 906 3693 intende,
928 3619 978 3677 sed
1001 3621 1028 3678 7.
1050 3621 1078 3678 5.
1099 3619 1221 3677 intende
1241 3618 1362 3694 templis
1382 3636 1414 3676 ao

251 3717 381 3777 delubris
407 3719 528 3776 deorum
554 3717 599 3776 17.
616 3720 648 3776 ⁴9.
675 3718 749 3776 mari
769 3718 897 3776 intende.
946 3719 990 3778 14.
1014 3717 1031 3774 2
1052 3716 1173 3780 ineum
1193 3716 1334 3792 plaudere
1353 3735 1414 3775 ver·

252 3822 372 3894 spotten
393 3819 440 3878 21.
463 3819 489 3875 2.
511 3817 627 3876 adsumi
647 3817 680 3874 in
700 3817 780 3882 deos.

330 3935 390 3994 Ad.
411 3935 448 3993 ad
462 3934 657 3994 execrationis
670 3935 821 3995 horrorem
833 3936 880 3994 bis
895 3953 962 3993 zum
973 3931 1141 3995 Schreclrcn
1156 3933 1207 3992 der
1217 3927 1414 4010 Verflucbung

252 4037 299 4095 28.
321 4035 349 4095 6.
374 4034 412 4093 ad
438 4035 589 4094 silentium
612 4035 769 4111 stupefacti
789 4035 835 4098 bis
857 4053 924 4092 zum
945 4027 1119 4108 Schweigen
1141 4034 1188 4094 39.
1214 4036 1238 4092 1.
1260 4031 1298 4089 ad
1320 4031 1412 4090 vinde-

251 4133 342 4192 miam
370 4152 423 4192 zur
452 4133 517 4192 Zeit
546 4133 597 4192 der
622 4133 770 4193 Weinlese
801 4133 827 4192 2.
856 4136 883 4192 3.
909 4151 964 4191 nec
989 4133 1094 4191 fratres
1120 4149 1173 4191 101
1199 4130 1259 4190 nisi
1285 4147 1355 4188 saue
1379 4129 1412 4188 ad

252 4233 443 4314 parricidium
461 4233 671 4311 recognoscitis
692 4232 754 4292 und
773 4232 821 4292 ihr
842 4231 967 4292 erkennt
988 4232 1064 4292 euch
1083 4225 1227 4292 1111111011
1247 4231 1292 4292 als
1306 4232 1411 4290 Britder
