3004 4948
664 271 697 333 31

85 460 293 536 agnoscimus,
316 463 342 520 7.
353 463 379 520 6.
390 478 541 536 negamus,
552 461 701 533 nolumus,
711 459 888 536 peieramus.
911 460 959 520 14.
971 463 996 518 7.
1007 457 1124 534 eligere,
1135 461 1266 537 probare,

89 561 258 636 suscipere.
286 559 331 618 16.
353 560 381 620 4.
407 561 540 634 iactetur,
566 563 687 634 aestuet,
712 560 879 618 fluctuetur.
907 559 954 619 16.
976 559 1002 616 5.
1024 577 1109 634 aegre
1130 577 1162 618 se
1182 559 1267 633 10110,

90 659 283 733 stomachari,
303 659 461 734 indignari,
482 658 589 720 dolere.
612 659 657 717 17.
672 661 699 716 2.
721 658 915 732 cohaerentia,
936 675 1056 732 conexa,
1078 662 1268 717 concatenata

91 758 145 817 17.
162 759 188 816 2.
203 759 420 834 adgnoscimus,
442 759 596 834 sentimus,
618 759 778 819 imitamur.
801 759 847 817 17.
868 763 898 820 4.
913 758 1085 833 inspiretur,
1106 765 1267 834 moveatur,

90 857 206 933 alatur,
226 861 406 935 gubernetur
438 860 482 922 17.
501 860 518 918 6
541 861 658 934 sentiri,
682 861 820 936 perspici,
846 861 988 936 intellegi.
1029 863 1075 920 18.
1093 861 1122 921 4.
1142 860 1267 933 exculta,

92 957 251 1035 disposita,
270 964 382 1021 ornata.
417 961 464 1019 23.
484 963 513 1022 3.
532 960 637 1033 vinxit,
659 960 837 1034 vulneravit,
858 961 982 1035 fugavit.
1009 959 1056 1018 23.
1078 961 1122 1018 11.
1144 977 1268 1034 suspen·

93 1057 192 1129 ditur,
222 1057 365 1131 caeditur,
397 1057 523 1134 dolatur,
553 1058 739 1130 runcinatur,
782 1059 828 1116 23.
856 1060 902 1116 13.
928 1059 1075 1132 funditur,
1100 1058 1267 1130 fabricatur,

95 1154 247 1230 sculpitur
281 1156 394 1215 1113.
418 1156 596 1232 plumbatur,
622 1157 812 1230 construitur,
834 1157 966 1232 erigitur.
1002 1158 1047 1216 23.
1076 1159 1111 1219 13
1138 1161 1266 1231 ornatur,

94 1256 295 1327 consecratur,
310 1258 416 1312 010101.
443 1254 490 1314 25.
507 1256 533 1312 1.
548 1255 637 1329 dedit,
651 1255 744 1328 auxit,
758 1255 902 1314 fundavit.
929 1255 975 1314 25.
992 1261 1018 1318 5.
1032 1261 1143 1330 101011,
1157 1256 1267 1330 colunt,

95 1350 262 1428 possident.
294 1351 342 1412 30.
369 1354 397 1414 1.
423 1353 531 1427 caedat,
551 1355 664 1428 fundat,
686 1353 850 1415 exhauriat.
888 1357 936 1416 32.
957 1357 984 1414 4.
1010 1361 1101 1430 tonat,
1127 1357 1267 1431 fulgurat,

95 1449 239 1508 fulminat
265 1451 312 1510 32.
334 1451 361 1510 5.
387 1453 589 1530 impelluntur,
614 1455 775 1528 vibrantur,
796 1455 954 1530 agitantur.
986 1455 1032 1515 39.
1054 1455 1079 1514 1.
1098 1455 1268 1528 retudisset,

97 1549 289 1611 ostendisset.
311 1550 400 1609 29.’4.
415 1552 585 1616 1011110111,
606 1553 653 1628 (of.
672 1553 777 1628 Draeg.
794 1571 815 1616 s.
831 1554 859 1612 h·
873 1553 904 1610 ll
918 1568 984 1629 pag.
1006 1555 1064 1613 206
1083 1559 1113 1611 01
1130 1553 1268 1628 Madwig.

96 1645 213 1722 latgr.
235 1650 348 1709 49211
373 1650 486 1711 adnot:
517 1650 609 1710 »Statt
630 1651 780 1711 01101010
802 1654 865 1711 sive
890 1651 959 1710 nolo
984 1652 1078 1710 heisst
1103 1669 1136 1710 es
1161 1651 1193 1709 in
1218 1652 1271 1710 der

102 1746 257 1821 taghehen
282 1748 363 1808 Rede
388 1751 464 1808 auch
488 1749 579 1808 101111
603 1750 699 1809 nolim
725 1750 786 1812 010.
811 1751 848 1808 ad
875 1749 907 1822 Q.
933 1751 999 1810 frat.
1024 1749 1072 1807 HI
1093 1751 1120 1808 8.
1138 1754 1175 1824 4.,
1195 1752 1271 1810 auch

99 1845 139 1903 de
159 1850 219 1904 nat.
241 1846 269 1906 d.
292 1848 318 1905 1.
335 1851 360 1907 7.
375 1848 418 1905 im
439 1847 694 1924 Gesprtichstonu)
709 1849 790 1908 Haec
800 1848 957 1922 sufficiant,
979 1865 1158 1924 quamquam
1172 1867 1271 1908 exem-

99 1944 219 2019 plorum
244 1963 385 2004 numerus
406 1947 540 2004 nondum
560 1948 725 2006 exhaustus
746 1953 801 2010 est.

183 2042 242 2102 Sed
265 2043 298 2102 in
319 2045 525 2104 enumerandis
550 2046 720 2105 nominibus
745 2047 874 2125 propriis
899 2045 1038 2121 asyndeti
1062 2047 1188 2104 formam
1208 2046 1271 2122 ple·
1332 2086 1335 2114 1

100 2159 230 2218 rumque
254 2143 404 2203 Minucius
428 2145 568 2220 neglexit,
595 2163 652 2222 qua
678 2164 710 2206 10
735 2165 752 2204 0
777 2146 877 2204 Tacito
903 2151 933 2205 et
959 2145 1047 2207 Floro
1072 2145 1271 2222 potissimum,

101 2239 237 2300 Taciteas
257 2242 433 2301 elocutionis
452 2243 608 2318 imitatore,
629 2244 759 2305 recessit.
781 2244 851 2321 (Ofr.
874 2244 939 2303 Tac.
961 2262 1029 2304 ann.
1052 2244 1080 2304 1.
1103 2244 1157 2318 10,
1185 2247 1211 2303 6.
1235 2246 1271 2314 7.,

99 2339 151 2401 11.
174 2341 210 2414 6.,
236 2337 316 2402 Flor.
337 2341 364 2398 3.
386 2343 413 2400 5.
434 2342 472 2415 4.,
497 2343 524 2400 3.
548 2343 595 2403 19.
617 2345 653 2416 7.,
679 2342 705 2400 3.
729 2343 777 2404 21.
799 2342 837 2419 3.)
865 2343 910 2402 19.
934 2344 981 2402 10.
1006 2343 1108 2401 Zenon
1128 2347 1158 2401 01
1179 2341 1273 2422 Chry-

100 2437 207 2514 sippus
227 2443 257 2497 et
278 2439 443 2498 Cleanthes·
467 2441 511 2499 19.
537 2442 580 2500 11.
601 2440 734 2502 Hesiodi.
754 2441 876 2500 Homeri
898 2439 1074 2517 Orpheique.
1099 2442 1147 2501 21.
1164 2441 1272 2500 1910-

99 2537 160 2596 taei
179 2539 261 2596 Iovis
281 2541 312 2596 et
331 2537 481 2615 Apollinis
501 2539 639 2616 Delphici
660 2545 689 2597 et
709 2539 832 2600 Phariae
851 2539 942 2598 Isidis
968 2543 998 2598 01
1019 2539 1134 2598 Cereris
1155 2539 1272 2598 Eleusi-

100 2635 251 2697 niaeac.
278 2634 304 2693 7.
326 2635 481 2710 Romulus,
502 2637 600 2711 Picus,
629 2637 785 2696 Tiberinus
811 2642 841 2696 01
867 2639 982 2696 001010
1008 2642 1038 2696 01
1058 2637 1214 2696 Pilumnus
1239 2656 1274 2696 ac

102 2731 280 2796 Volumnus.
324 2735 371 2793 25.
398 2733 424 2792 9.
450 2734 499 2793 101
522 2735 602 2794 Μο10
627 2735 675 2794 101
698 2736 835 2812 Juppiter
859 2736 907 2794 vei
931 2736 1009 2794 Juno
1034 2735 1082 2794 101
1107 2734 1201 2796 Diana
1225 2735 1273 2794 101

101 2833 199 2894 Mater
211 2833 309 2892 Idaea.
331 2831 378 2888 25.
403 2832 448 2892 12.
462 2831 589 2906 Assyrii,
603 2833 691 2906 Medi,
706 2833 820 2907 Persae,
843 2831 950 2895 Graeci
971 2835 1061 2893 etiam
1082 2838 1111 2893 et
1132 2835 1273 2912 Aegyptii

103 2930 151 2994 25.
170 2932 218 2990 12.
233 2929 392 2988 Pontifices
413 2933 442 2988 et
455 2929 577 2990 Arvales
598 2933 628 2988 et
646 2929 746 2990 Salios
766 2935 796 2990 et
809 2931 945 2991 Vestales
966 2937 996 2991 01
1016 2935 1161 3008 Augures.
1185 2935 1230 2992 26.
1247 2935 1273 2991 2.

104 3029 227 3092 Clodius
241 3033 271 3088 01
290 3027 455 3110 Flaminius
468 3031 498 3086 et
512 3028 629 3090 Junius.
651 3031 697 3088 27.
714 3032 740 3090 6.
757 3028 903 3091 Saturnus
917 3035 947 3089 01
961 3031 1081 3107 Serapis
1096 3035 1125 3089 et
1138 3031 1276 3107 Juppiter

105 3129 151 3188 37.
173 3127 199 3186 5.
226 3145 294 3185 cum
318 3125 416 3184 Mucio
441 3125 488 3184 101
515 3144 583 3184 cum
603 3127 722 3204 Aquilio
743 3133 795 3186 aut
816 3129 936 3204 Regulo.
959 3129 1005 3190 38.
1028 3131 1056 3188 5.
1078 3129 1225 3187 Arcesilas
1246 3134 1276 3188 et

106 3225 271 3286 Carneades
297 3228 327 3284 01
350 3223 445 3299 Pyrro
471 3228 501 3283 01
526 3225 622 3284 omnis
642 3226 885 3286 Academicorum
910 3227 1077 3286 multitudo.
1100 3229 1148 3303 (cf.
1170 3228 1274 3304 Draeg.

107 3345 130 3388 s.
152 3325 184 3384 Τ.
205 3343 271 3401 pag.
293 3325 353 3398 51.)

186 3424 250 3487 Nec
272 3425 400 3501 denique
425 3425 508 3484 deest
527 3426 606 3502 apud
624 3425 789 3486 Minucium
807 3427 933 3486 Felicem
953 3416 1119 3501 asyndeton
1139 3425 1276 3484 adversa-

105 3525 210 3586 tivum.
251 3525 288 3582 cf.
314 3522 361 3582 37.
391 3525 428 3582 10
454 3523 518 3600 pari
543 3529 623 3584 sorte
648 3526 810 3600 nascimur,
841 3526 903 3584 sola
932 3525 1041 3584 virtute
1066 3527 1277 3602 distinguimur

109 3628 154 3686 37.
179 3624 226 3684 12.
247 3621 440 3680 homicidium
465 3622 498 3680 in
517 3640 587 3682 1010
607 3623 762 3698 flagitatis,
787 3624 819 3680 in
840 3623 993 3682 mendacio
1013 3624 1101 3684 fletis.
1144 3624 1201 3683 Sed
1222 3626 1278 3683 hoc

107 3728 258 3788 hactenus.
1135 3725 1137 3732 Ι
